

@article{AbbottAubert1952:RampStretch,
author = {Abbott, B. C. and Aubert, X. M.},
title = {The force exerted by active striated muscle during and after change of length},
volume = {117},
number = {1},
pages = {77-86},
year = {1952},
journal = {The Journal of Physiology}
}

@article{Ackermann2010:ModelPredictionHumanGait,
	title = {Optimality principles for model-based prediction of human gait},
	journal = {Journal of Biomechanics},
	volume = {43},
	number = {6},
	pages = {1055--1060},
	year = {2010},
	author = {Marko Ackermann and Antonie J. van den Bogert}
}



@article{AndersonPandy2001:DynamicOptimization,
	author = {Frank C. Anderson and Marcus G. Pandy},
	title = {Dynamic optimization of human walking},
	year = {2001},
	journal = {Journal of Biomechanical Engineering},
	volume = {123},
	number = {5},
	pages = {381--390}
}


@article{Archambault2001RabbitAchilles,
  title={Response of rabbit Achilles tendon to chronic repetitive loading},
  author={Archambault, JM and Hart, DA and Herzog, W},
  journal={Connective tissue research},
  volume={42},
  number={1},
  pages={13--23},
  year={2001},
  publisher={Taylor \& Francis}
}


@article{Arnold2010,
   author = {Edith M. Arnold and Samuel R. Ward and Richard L. Lieber and Scott L. Delp},
   title = {A model of the lower limb for analysis of human movement},
   journal = {Annals of Biomedical Engineering},
   pages = {269--279},
   volume = {38},
   number = {2},
   year = {2010}
}


@article{Arnold2011:FiberLengthsWalking,
	author = {Edith M. Arnold and Scott L. Delp},
	title = {Fibre operating lengths of human lower limb muscles during walking},
	volume = {366},
	number = {1570},
	pages = {1530--1539},
	year = {2011},
	journal = {Philosophical Transactions of the Royal Society B: Biological Sciences}
}

@article{Astier1998Binding,
  title={Binding of a native titin fragment to actin is regulated by PIP2},
  author={Astier, Catherine and Raynaud, Fabrice and Lebart, Marie-Christine and Roustan, Claude and Benyamin, Yves},
  journal={FEBS letters},
  volume={429},
  number={1},
  pages={95--98},
  year={1998},
  publisher={Elsevier},
  doi={10.1016/S0014-5793(98)00572-9}
}


@article{Azizi2005:Pennation,
	author = {Elizabeth L. Brainerd and Emanuel Azizi},
	title = {Muscle fiber angle, segment bulging and architectural gear ratio in segmented musculature},
	volume = {208},
	number = {17},
	pages = {3249--3261},
	year = {2005},
	journal = {The Journal of Experimental Biology}
}

@article{Azizi2007,
author = {Azizi, Emanuel and Brainerd, Elizabeth L. and Roberts, Thomas J.},
title = {Variable gearing in pennate muscles},
volume = {105},
number = {5},
pages = {1745-1750},
year = {2008},
journal = {Proceedings of the National Academy of Sciences}
}


%%------------------------------------------------------------------------------
% B
%%------------------------------------------------------------------------------



@article{Bellemare1983:SecondOrderTwitch,
author = {Bellemare, F. and Woods, J. J. and Johansson, R. and Bigland-Ritchie, B.},
title = {Motor-unit discharge rates in maximal voluntary contractions of three human muscles},
volume = {50},
number = {6},
pages = {1380-1392},
year = {1983},
journal = {Journal of Neurophysiology}
}


@book{BendatPierson2011RandomData,
  title={Random data: analysis and measurement procedures},
  author={Bendat, Julius S and Piersol, Allan G},
  volume={729},
  year={2011},
  publisher={John Wiley \& Sons}
}


@book{Bezier1986:Book,
	author = {Pierre B\'{e}zier},
	title = {The Mathematical Basis of the UNISURF CAD System},
	year = {1986},
	publisher = {Butterworth-Heinemann},
	address = {Newton, U.S.A.}
}

@article{Bianco2007ActinPEVKBinding,
  title={Interaction forces between F-actin and titin PEVK domain measured with optical tweezers},
  author={Bianco, Pasquale and Nagy, Attila and Kengyel, Andr{\'a}s and Szatm{\'a}ri, D{\'a}vid and M{\'a}rtonfalvi, Zsolt and Huber, Tam{\'a}s and Kellermayer, Mikl{\'o}s SZ},
  journal={Biophysical Journal},
  volume={93},
  number={6},
  pages={2102--2109},
  year={2007},
  publisher={Elsevier},
  doi={10.1529/biophysj.107.106153}
}

@article{Boldt2020residual,
  title={Residual and passive force enhancement in skinned cardiac fibre bundles},
  author={Boldt, Kevin and Han, Seong-Won and Joumaa, Venus and Herzog, Walter},
  journal={Journal of Biomechanics},
  volume={109},
  pages={109953},
  year={2020},
  publisher={Elsevier},
  doi={10.1016/j.jbiomech.2020.109953}
}


@article{BowdenLeben1939,
	title = {The nature of sliding and the analysis of friction},
	author = {F. P. Bowden and L. Leben},
	journal = {Proceedings of the Royal Society of London. Series A, Mathematical and Physical Sciences},
	volume = {169},
	number = {938},
	pages = {371--391},
	year = {1939}
}

@article {Brown1996:FelineMuscleModel,
   author = {Brown, Ian E. and Scott, Stephen H. and Loeb, Gerald E.},
   title = {Mechanics of feline soleus: {II} design and validation of a mathematical model},
   journal = {Journal of Muscle Research and Cell Motility},
   publisher = {Springer Netherlands},
   issn = {0142-4319},
   keyword = {Biomedical and Life Sciences},
   pages = {221-233},
   volume = {17},
   number = {2},
   year = {1996}
}

@article{Buchanan1995MuscleStress,
  title={Evidence that maximum muscle stress is not a constant: differences in specific tension in elbow flexors and extensors},
  author={Buchanan, TS},
  journal={Medical engineering \& physics},
  volume={17},
  number={7},
  pages={529--536},
  year={1995},
  publisher={Elsevier},
  doi={10.1016/1350-4533(95)00005-8}
}


@article{Burdet2001OptimalImpedance,
  title={The central nervous system stabilizes unstable dynamics by learning optimal impedance},
  author={Burdet, Etienne and Osu, Rieko and Franklin, David W and Milner, Theodore E and Kawato, Mitsuo},
  journal={Nature},
  volume={414},
  number={6862},
  pages={446--449},
  year={2001},
  publisher={Nature Publishing Group},
  doi={10.1038/35106566}
}

@book{Burdet2013HumanRobotics,
  title={Human robotics: neuromechanics and motor control},
  author={Burdet, Etienne and Franklin, David W and Milner, Theodore E},
  year={2013},
  publisher={MIT press}
}


@ARTICLE{BufordThompson1987:HandBiomechanics,
author={Buford, William L. and Thompson, David E.},
journal={IEEE Transactions on Biomedical Engineering},
title={A System for Three-Dimensional Interactive Simulation of Hand Biomechanics},
year={1987},
month={june },
volume={BME-34},
number={6},
pages={444-453}
}

@article{Burkholder2004CatLimbModel3D,
  title={Three-dimensional model of the feline hindlimb},
  author={Burkholder, Thomas J and Nichols, T Richard},
  journal={Journal of Morphology},
  volume={261},
  number={1},
  pages={118--129},
  year={2004},
  publisher={Wiley Online Library}
}


%%------------------------------------------------------------------------------
% C
%%------------------------------------------------------------------------------



@article{Cabri91:IsokinStrength,
author = {JMH Cabri},
title = {Isokinetic Strength Aspects of Human Joints and Muscles},
journal = {Critical Reviews in Biomedical Engineering},
volume = {19},
year = {2001},
number = {2,3},
pages = {231-259}
}



@book{Cantor1980Biophysical,
  title={Biophysical Chemistry: Part I: The Conformation of Biological Macromolecules},
  author={Cantor, CR and Schimmel, PR},
  series={Biophysical Chemistry},
  year={1980},
  publisher={W. H. Freeman and Company},
  address={San Francisco},
  isbn={0716711885}
}


@article{Campbell1998ExpVsHillShortRangeStiffness,
  title={A cross-bridge mechanism can explain the thixotropic short-range elastic component of relaxed frog skeletal muscle},
  author={Campbell, KS and Lakie, M},
  journal={The Journal of physiology},
  volume={510},
  number={3},
  pages={941--962},
  year={1998},
  publisher={Wiley Online Library}
}


@article{Campbell2009HalfSarcomeresEmergent,
  title={Interactions between connected half-sarcomeres produce emergent mechanical behavior in a mathematical model of muscle},
  author={Campbell, Kenneth S},
  journal={PLoS Comput Biol},
  volume={5},
  number={11},
  pages={e1000560},
  year={2009},
  publisher={Public Library of Science}
}

@article{Campbell2000Thixotropic,
  title={A thixotropic effect in contracting rabbit psoas muscle: prior movement reduces the initial tension response to stretch},
  author={Campbell, Kenneth S and Moss, Richard L},
  journal={The Journal of Physiology},
  volume={525},
  number={2},
  pages={531--548},
  year={2000},
  publisher={Wiley Online Library}
}


@article{Camels2005:HipKneeAnkleFlExRatio,
author = {PM Camels and MD Marielle-Nellen and Inge van der Borne, BS and Pierre-Jourdin,BS and P Minaire},
title = {Concentric and Eccentric Isokinetic Assessment of Flexor-Extensor Torque Ratios at the Hip, Knee, and Ankle in a Sample Population of Healthy Subjects},
journal = {Archives of Physical Medicine and Rehabilitation},
volume = {78},
month = {November},
year = {1997},
pages = {1224-1230}
}

@article{Chib2006Haptic,
  title={Haptic identification of surfaces as fields of force},
  author={Chib, Vikram S and Patton, James L and Lynch, Kevin M and Mussa-Ivaldi, Ferdinando A},
  journal={Journal of neurophysiology},
  volume={95},
  number={2},
  pages={1068--1077},
  year={2006},
  publisher={American Physiological Society}
}


@article{Chow97:KneeIsoKinetic,
author = {JW Chow and WG Darling and JG Jay},
title = {Mechanical characteristics of knee extension exercises performed on an isokinetic dynamometer},
journal = {Medicine and Science in Sports and Exercise},
volume = {29},
number = {6},
pages = {794-803},
year = {1997}
}


@article{Chow1999ForceVelocityActivation,
author = {Chow, John W. and Darling, Warren G.},
title = {The maximum shortening velocity of muscle should  be scaled with activation},
journal = {Journal of Applied Physiology},
volume = {86},
number = {3},
pages = {1025-1031},
year = {1999},
doi = {10.1152/jappl.1999.86.3.1025},
}



@article{Chu1975:SliderCrank,
author = {S.-C. Chu and K. C. Pan},
collaboration = {},
title = {Dynamic Response of a High-Speed Slider-Crank Mechanism With an Elastic Connecting Rod},
publisher = {ASME},
year = {1975},
journal = {Journal of Engineering for Industry},
volume = {97},
number = {2},
pages = {542-550}
}

@article{Cobb2002Exorcizing,
  title={Exorcizing the animal spirits: Jan Swammerdam on nerve function},
  author={Cobb, Matthew},
  journal={Nature Reviews Neuroscience},
  volume={3},
  number={5},
  pages={395--400},
  year={2002},
  publisher={Nature publishing group}
}


@article{Cofer2010:AnimatLab,
title = {AnimatLab: A {3D} graphics environment for neuromechanical simulations},
journal = {Journal of Neuroscience Methods},
volume = {187},
number = {2},
pages = {280-288},
year = {2010},
author = {David Cofer and Gennady Cymbalyuk and James Reid and Ying Zhu and William J. Heitler and Donald H. Edwards}
}

@article{Crabtree2009:AFOSimulation,
	title = {Modeling neuromuscular effects of ankle foot orthoses ({AFO}s) in computer simulations of gait},
	journal = {Gait and Posture},
	volume = {29},
	number = {1},
	pages = {65--70},
	year = {2009},
	author = {Charles A. Crabtree and Jill S. Higginson}
}

@article{Craig2017XrayMuscleReview,
  title={Molecular structure of muscle filaments determined by electron microscopy},
  author={Craig, Roger},
  journal={Applied microscopy},
  volume={47},
  number={4},
  pages={226},
  year={2017},
  publisher={NIH Public Access}
}


@article{Crowninshield:MuscleForce,
    author  = {R Crowinshield and RA Brand},
    title   = {A physiologically based criterion of muscle force prediction in locomotion},
    journal = {Journal of Biomechanics},
    volume  = {14},
    number  = {11},
    pages   = {793-801},
    year    = {1981}
}


%%------------------------------------------------------------------------------
% D
%%------------------------------------------------------------------------------


@article{Damsgaard2006:Anybody,
title = {Analysis of musculoskeletal systems in the AnyBody Modeling System},
journal = {Simulation Modelling Practice and Theory},
volume = {14},
number = {8},
pages = {1100-1111},
year = {2006},
note = {SIMS 2004},
author = {Michael Damsgaard and John Rasmussen and Søren T{\o}rholm Christensen and Egidijus Surma and Mark de Zee}
}

@article{Delp1990:InteractiveLegModel,
	author = {Scott L. Delp and J. Peter Loan and Melissa G. Hoy and Felix E. Zajac and Eric L. Topp and Joseph M. Rosen},
	title = {An interactive graphics-based model of the lower extremity to study orthopaedic surgical procedures},
	journal = {IEEE Transactions on Biomedical Engineering},
	volume = {37},
	number = {8},
	pages = {757--767},
	year = {1990}
}

@article{Delp2000:SIMM,
author={Delp, S.L. and Loan, J.P.},
journal={Computing in Science Engineering},
title={A computational framework for simulating and analyzing human and animal movement},
year={2000},
volume={2},
number={5},
pages={46-55}
}

@article{Delp2007:OpenSim,
	author = {Scott L. Delp and Frank C. Anderson and Allison S. Arnold and Peter Loan and Ayman Habib and Chand T. John and Eran Guendelman and Darryl G. Thelen},
	journal = {IEEE Transactions on Biomedical Engineering},
	title = {{OpenSim}: {O}pen-source software to create and analyze dynamic simulations of movement},
	year = {2007},
	volume = {54},
	number = {11},
	pages = {1940--1950}
}

@article{Donne96:CocontQuadHam,
author = {B Donne and RG Luckwill},
title = {Co-activation of quadriceps and hamstring muscles during concentric and eccentric isokinetic exercise},
journal = {Isokinetics and Exercise Science},
volume = {6},
pages = {21-26},
year = {1996}
}

@article{Durfee1994:DampedFiberModel,
	author = {William K. Durfee and Karen I. Palmer},
	journal = {IEEE Transactions on Biomedical Engineering},
	title = {Estimation of force--activation, force--length, and force--velocity properties in isolated, electrically stimulated muscle},
	year = {1994},
	volume = {41},
	number = {3},
	pages = {205--216}
}

@article{DuVall2016TitinEntaglementHypothesis,
  title={I-Band Titin Interaction with Myosin in the Muscle Sarcomere during Eccentric Contraction: The Titin Entanglement Hypothesis},
  author={DuVall, Mike and Jinha, Azim and Schappacher-Tilp, Gudrun and Leonard, Tim and Herzog, Walter},
  journal={Biophysical Journal},
  volume={110},
  number={3},
  pages={302a},
  year={2016},
  publisher={Elsevier},
  doi={10.1016/j.bpj.2015.11.1625}
}

@article{DuVall2017DiffTitinSegElongation,
  title={Differences in titin segmental elongation between passive and active stretch in skeletal muscle},
  author={DuVall, Michael M and Jinha, Azim and Schappacher-Tilp, Gudrun and Leonard, Timothy R and Herzog, Walter},
  journal={Journal of Experimental Biology},
  volume={220},
  number={23},
  pages={4418--4425},
  year={2017},
  publisher={The Company of Biologists Ltd},
  doi={10.1242/jeb.160762}
}

@article{Duvall2013Altered,
  title={Altered mechanical properties of titin immunoglobulin domain 27 in the presence of calcium},
  author={DuVall, Michael M and Gifford, Jessica L and Amrein, Matthias and Herzog, Walter},
  journal={European Biophysics Journal},
  volume={42},
  number={4},
  pages={301--307},
  year={2013},
  publisher={Springer},
  doi={10.1007/s00249-012-0875-8}
}


@article{Dutta2018Calcium,
  title={Calcium increases titin N2A binding to F-actin and regulated thin filaments},
  author={Dutta, Samrat and Tsiros, Christopher and Sundar, Sai Lavanyaa and Athar, Humra and Moore, Jeffrey and Nelson, Brent and Gage, Matthew J and Nishikawa, Kiisa},
  journal={Scientific reports},
  volume={8},
  number={1},
  pages={1--11},
  year={2018},
  publisher={Nature Publishing Group},
  doi={10.1038/s41598-018-32952-8}
}


%%------------------------------------------------------------------------------
% E
%%------------------------------------------------------------------------------


@article{Eisenberg1980:CrossBridgeModel,
	title = {Cross-bridge model of muscle contraction. {Q}uantitative analysis},
	journal = {Biophysical Journal},
	volume = {29},
	number = {2},
	pages = {195--227},
	year = {1980},
	author = {Evan Eisenberg and Terrell L. Hill and {Yi-der} Chen}
}

@book{epstein1998:book,
	author = {Marcelo Epstein and Walter Herzog},
	title = {Theoretical Models of Skeletal Muscle: Biological and Mathematical Considerations},
	year = {1998},
	publisher = {Wiley},
	address = {New York, U.S.A.}
}

%%------------------------------------------------------------------------------
% F
%%------------------------------------------------------------------------------

@article{Finer1994MyosinpNForcesnmSteps,
  title={Single myosin molecule mechanics: piconewton forces and nanometre steps},
  author={Finer, Jeffrey T and Simmons, Robert M and Spudich, James A},
  journal={Nature},
  volume={368},
  number={6467},
  pages={113--119},
  year={1994},
  publisher={Nature Publishing Group},
  doi={10.1038/368113a0}
}


@article{Flitney1978SarcomereGive,
  title={Cross-bridge detachment and sarcomere'give'during stretch of active frog's muscle.},
  author={Flitney, FW and Hirst, DG},
  journal={The Journal of Physiology},
  volume={276},
  number={1},
  pages={449--465},
  year={1978},
  publisher={Wiley Online Library}
}


@article{Forcinito1998Rheological,
  title={Can a rheological muscle model predict force depression/enhancement?},
  author={Forcinito, Mario and Epstein, Marcelo and Herzog, Walter},
  journal={Journal of biomechanics},
  volume={31},
  number={12},
  pages={1093--1099},
  year={1998},
  publisher={Elsevier},
  doi={10.1016/S0021-9290(98)00132-8}
}

@article{Fukutani2018Residual,
  title={Residual Force Enhancement Is Preserved for Conditions of Reduced Contractile Force},
  author={Fukutani, Atsuki and Herzog, Walter},
  journal={Medicine and science in sports and exercise},
  volume={50},
  number={6},
  pages={1186--1191},
  year={2018},
  doi={10.1249/mss.0000000000001563}
}


@article{Funatsu1990ElasticFilamentsRevealed,
  title={Elastic filaments in skeletal muscle revealed by selective removal of thin filaments with plasma gelsolin.},
  author={Funatsu, Takashi and Higuchi, Hideo and Ishiwata, Shin'ichi},
  journal={The Journal of cell biology},
  volume={110},
  number={1},
  pages={53--62},
  year={1990}
}


@article{Furuta1980:DoublePendulumControl,
author = {Furuta, Katsuhisa and Kajiwara, Hiroyuki and Kosuge, Kazuhiro},
title = {Digital control of a double inverted pendulum on an inclined rail},
journal = {International Journal of Control},
volume = {32},
number = {5},
pages = {907-924},
year = {1980}
}

@article{Franklin2003Adaptation,
  title={Adaptation to stable and unstable dynamics achieved by combined impedance control and inverse dynamics model},
  author={Franklin, David W and Osu, Rieko and Burdet, Etienne and Kawato, Mitsuo and Milner, Theodore E},
  journal={Journal of neurophysiology},
  volume={90},
  number={5},
  pages={3270--3282},
  year={2003},
  publisher={American Physiological Society},
  doi={10.1152/jn.01112.2002}
}


@article{Franklin2008CNSAlgorithm,
  title={{C}{N}{S} learns stable, accurate, and efficient movements using a simple algorithm},
  author={Franklin, David W and Burdet, Etienne and Tee, Keng Peng and Osu, Rieko and Chew, Chee-Meng and Milner, Theodore E and Kawato, Mitsuo},
  journal={Journal of neuroscience},
  volume={28},
  number={44},
  pages={11165--11173},
  year={2008},
  publisher={Soc Neuroscience},
  doi={10.1523/JNEUROSCI.3099-08.2008}
}


@article{Franklin2007Endpoint,
  title={Endpoint stiffness of the arm is directionally tuned to instability in the environment},
  author={Franklin, David W and Liaw, Gary and Milner, Theodore E and Osu, Rieko and Burdet, Etienne and Kawato, Mitsuo},
  journal={Journal of Neuroscience},
  volume={27},
  number={29},
  pages={7705--7716},
  year={2007},
  publisher={Soc Neuroscience}
}


@article{Fregly2007:GaitModification,
	author = {Benjamin J. Fregly and Jeffrey A. Reinbolt and Kelly L. Rooney and Kim H. Mitchell and Terese L. Chmielewski},
	journal = {IEEE Transactions on Biomedical Engineering},
	title = {Design of patient-specific gait modifications for knee osteoarthritis rehabilitation},
	year = {2007},
	volume = {54},
	number = {9},
	pages = {1687--1695}
}

@article{Furst1988TitinOrganizationMonoclonal,
  title={The organization of titin filaments in the half-sarcomere revealed by monoclonal antibodies in immunoelectron microscopy: a map of ten nonrepetitive epitopes starting at the Z line extends close to the M line.},
  author={F{\"u}rst, Dieter O and Osborn, Mary and Nave, Riidiger and Weber, Klaus},
  journal={The Journal of cell biology},
  volume={106},
  number={5},
  pages={1563--1572},
  year={1988}
}


%%------------------------------------------------------------------------------
% G
%%------------------------------------------------------------------------------

@article{Gautel2011ZDiskStructure,
  title={The sarcomeric cytoskeleton: who picks up the strain?},
  author={Gautel, Mathias},
  journal={Current opinion in cell biology},
  volume={23},
  number={1},
  pages={39--46},
  year={2011},
  publisher={Elsevier}
}

@article{Getz1998PhaseTransition,
  title={Phase transition in force during ramp stretches of skeletal muscle},
  author={Getz, E.R. and Cooke R and Lehman SL},
  journal={Biophys J},
  volume={75},
  pages={2971--2983},
  year={1998}
}


@article{Gollapudi2009,
	title = {Experimental determination of sarcomere force--length relationship in type-{I} human skeletal muscle fibers},
	journal = {Journal of Biomechanics},
	volume = {42},
	number = {13},
	pages = {2011--2016},
	year = {2009},
	author = {Sampath K. Gollapudi and David C. Lin}
}

@article{Gordon1966ForceLength,
author = {Gordon, A. M. and Huxley, A.F. and Julian, F. J.},
title = {The variation in isometric tension with sarcomere length in vertebrate muscle fibres},
volume = {184},
number = {1},
pages = {170-192},
year = {1966},
journal = {The Journal of Physiology},
doi={10.1113/jphysiol.1966.sp007909}
}


@article{Gordon1966TensionStretchedMuscle,
  title={Tension development in highly stretched vertebrate muscle fibres},
  author={Gordon, AM and Huxley, AF and Julian, FJ},
  journal={The Journal of physiology},
  volume={184},
  number={1},
  pages={143--169},
  year={1966},
  publisher={Wiley Online Library}
}


@article{Granzier1997TitinElasticityWLC,
  title={Titin elasticity and mechanism of passive force development in rat cardiac myocytes probed by thin-filament extraction},
  author={Granzier, Henk and Kellermayer, Miklos and Helmes, Michiel and Trombit{\'a}s, K{\'a}roly},
  journal={Biophysical Journal},
  volume={73},
  number={4},
  pages={2043--2053},
  year={1997},
  publisher={Elsevier}
}

@article{Gregorio1998NH2ofTitinSpansZDisc,
  title={The NH2 terminus of titin spans the Z-disc: its interaction with a novel 19-kD ligand (T-cap) is required for sarcomeric integrity},
  author={Gregorio, Carol C and Trombit{\'a}s, Karoly and Centner, Thomas and Kolmerer, Bernhard and Stier, Gunter and Kunke, Kathleen and Suzuki, Koichi and Obermayr, Franz and Herrmann, Bernhard and Granzier, Henk and others},
  journal={The Journal of cell biology},
  volume={143},
  number={4},
  pages={1013--1027},
  year={1998},
  publisher={The Rockefeller University Press}
}

@article{Groote2016DirectCollocation,
  title={Evaluation of direct collocation optimal control problem formulations for solving the muscle redundancy problem},
  author={De Groote, Friedl and Kinney, Allison L and Rao, Anil V and Fregly, Benjamin J},
  journal={Annals of biomedical engineering},
  volume={44},
  number={10},
  pages={2922--2936},
  year={2016},
  publisher={Springer},
  doi={10.1007/s10439-016-1591-9}
}


@article{Groote2017ShortRangeStiffness,
  title={Contribution of muscle short-range stiffness to initial changes in joint kinetics and kinematics during perturbations to standing balance: A simulation study},
  author={De Groote, Friedl and Allen, Jessica L and Ting, Lena H},
  journal={Journal of biomechanics},
  volume={55},
  pages={71--77},
  year={2017},
  publisher={Elsevier},
  doi={10.1016/j.jbiomech.2017.02.008}
}

@article{Groote2018ShortRangeStiffnessPendulum,
  title={Interaction between muscle tone, short-range stiffness and increased sensory feedback gains explains key kinematic features of the pendulum test in spastic cerebral palsy: A simulation study},
  author={De Groote, Friedl and Blum, Kyle P and Horslen, Brian C and Ting, Lena H},
  journal={PloS one},
  volume={13},
  number={10},
  pages={e0205763},
  year={2018},
  publisher={Public Library of Science San Francisco, CA USA},
  doi={10.1371/journal.pone.0205763}
}


@article{Guarin2017EstTimeVaryingJointStiffness,
  title={Estimation of time-varying, intrinsic and reflex dynamic joint stiffness during movement. Application to the ankle joint},
  author={Guar{\'\i}n, Diego L and Kearney, Robert E},
  journal={Frontiers in computational neuroscience},
  volume={11},
  pages={51},
  year={2017},
  publisher={Frontiers}
}

@article{Gunther2018MicroToMacro,
  title={The basic mechanical structure of the skeletal muscle machinery: One model for linking microscopic and macroscopic scales},
  author={G{\"u}nther, Michael and Haeufle, Daniel FB and Schmitt, Syn},
  journal={Journal of theoretical biology},
  volume={456},
  pages={137--167},
  year={2018},
  publisher={Elsevier},
  doi={10.1016/j.jtbi.2018.07.023}
}



%%------------------------------------------------------------------------------
% H
%%------------------------------------------------------------------------------

@article{Haeufle2014Hill,
  title={Hill-type muscle model with serial damping and eccentric force--velocity relation},
  author={Haeufle, DFB and G{\"u}nther, M and Bayer, A and Schmitt, S},
  journal={Journal of biomechanics},
  volume={47},
  number={6},
  pages={1531--1536},
  year={2014},
  publisher={Elsevier},
  doi={10.1016/j.jbiomech.2014.02.009}
}


@article{Hahn2010ResidualForceEnhancement,
  title={Evidence of residual force enhancement for multi-joint leg extension},
  author={Hahn, Daniel and Seiberl, Wolfgang and Schmidt, Susanne and Schweizer, Katrin and Schwirtz, Ansgar},
  journal={Journal of Biomechanics},
  volume={43},
  number={8},
  pages={1503--1508},
  year={2010},
  publisher={Elsevier}
}

@book{Hairer1991:SolvingODEI,
	author = {Ernst Hairer and Syvert P. N{\o}rsett and Gerhard Wanner},
	title = {Solving Ordinary Differential Equations I: Nonstiff Problems},
	edition = {2nd},
	year = {1987},
	publisher = {Springer-Verlag},
	address = {Berlin, Germany}
}

@book{Hairer1991:SolvingODEII,
	author = {Ernst Hairer and Gerhard Wanner},
	title = {Solving Ordinary Differential Equations II: Stiff and Differential-Algebraic Problems},
	edition = {2nd},
	year = {1991},
	publisher = {Springer-Verlag},
	address = {Berlin, Germany}
}

@article{Hamner2010:Running,
	title = {Muscle contributions to propulsion and support during running},
	journal = {Journal of Biomechanics},
	volume = {43},
	number = {14},
	pages = {2709--2716},
	year = {2010},
	author = {Samuel R. Hamner and Ajay Seth and Scott L. Delp}
}


@article{HannamStavness2008:Chewing,
title = {A dynamic model of jaw and hyoid biomechanics during chewing},
journal = {Journal of Biomechanics},
volume = {41},
number = {5},
pages = {1069-1076},
year = {2008},
issn = {0021-9290},
author = {A.G. Hannam and I. Stavness and J.E. Lloyd and S. Fels}
}

@article{Hanson1953StructureMuscle,
  title={Structural basis of the cross-striations in muscle},
  author={Hanson, Jean and Huxley, Hugh E},
  journal={Nature},
  volume={172},
  number={4377},
  pages={530--532},
  year={1953},
  publisher={Springer}
}



@inproceedings{Hayashibe2009:EmgToForce,
  title={EMG-to-force estimation with full-scale physiology based muscle model},
  author={Hayashibe, Mitsuhiro and Guiraud, David and Poignet, Philippe},
  booktitle={2009 IEEE/RSJ International Conference on Intelligent Robots and Systems},
  pages={1621--1626},
  year={2009},
  organization={IEEE}
}

@article{Hisey2009LengthVarRfe,
  title={Does residual force enhancement increase with increasing stretch magnitudes?},
  author={Hisey, Brandon and Leonard, Tim R and Herzog, Walter},
  journal={Journal of biomechanics},
  volume={42},
  number={10},
  pages={1488--1492},
  year={2009},
  publisher={Elsevier},
  doi={10.1016/j.jbiomech.2009.03.046}
}

@article{Howard1997molecular,
  title={Molecular motors: structural adaptations to cellular functions},
  author={Howard, Joe},
  journal={Nature},
  volume={389},
  number={6651},
  pages={561--567},
  year={1997},
  publisher={Nature Publishing Group UK London},
  doi={10.1038/39247}
}


@article{Huxley1954StructureChangeMuscle,
  title={Structural changes in muscle during contraction: interference microscopy of living muscle fibres},
  author={Huxley, Andrew F and Niedergerke, Rolf},
  journal={Nature},
  volume={173},
  number={4412},
  pages={971--973},
  year={1954},
  publisher={Nature Publishing Group}
}


@article{Huxley1957MuscleModel,
  title={Muscle structure and theories of contraction.},
  author={Huxley, Andrew F},
  journal={Progress in biophysics and biophysical chemistry},
  year={1957},
  volume={7},
  pages={255-318},
  doi={10.1016/S0096-4174(18)30128-8}
}

@article{Huxley1969Mechanism,
  title={The mechanism of muscular contraction},
  author={Huxley, Hugh Esmor},
  journal={Science},
  volume={164},
  number={3886},
  pages={1356--1366},
  year={1969},
  publisher={JSTOR}
}


@article{HaselgroveHuxley1973,
	title = {X-ray evidence for radial cross-bridge movement and for the sliding filament model in actively contracting skeletal muscle},
	journal = {Journal of Molecular Biology},
	volume = {77},
	number = {4},
	pages = {549--568},
	year = {1973},
	author = {J. C. Haselgrove and H. E. Huxley}
}





@article{Huxley1970QuickPhase,
  title={A quick phase in the series-elastic component of striated muscle, demonstrated in isolated fibres from the frog.},
  author={Huxley, AF and Simmons, RM},
  journal={The Journal of physiology},
  volume={208},
  number={2},
  pages={52P},
  year={1970}
}


@inproceedings{He1989:MassMuscleModel,
	author = {Jiping He and William S. Levine and Gerald E. Loeb},
	booktitle = {Proceedings of the 1998 IEEE International Symposium on Intelligent Control},
	title = {The modeling of the neuro-musculo-skeletal control system of a cat hindlimb},
	year = {1988},
	pages = {406--411}
}

@article{Heidlauf2016MuscleModelActinTitin,
  title={A multi-scale continuum model of skeletal muscle mechanics predicting force enhancement based on actin--titin interaction},
  author={Heidlauf, Thomas and Klotz, Thomas and Rode, Christian and Altan, Ekin and Bleiler, Christian and Siebert, Tobias and R{\"o}hrle, Oliver},
  journal={Biomechanics and modeling in mechanobiology},
  volume={15},
  number={6},
  pages={1423--1437},
  year={2016},
  publisher={Springer},
  doi={10.1007/s10237-016-0772-7}
}


@article{Heidlauf2017MuscleModelStableDescending,
  title={A continuum-mechanical skeletal muscle model including actin-titin interaction predicts stable contractions on the descending limb of the force-length relation},
  author={Heidlauf, Thomas and Klotz, Thomas and Rode, Christian and Siebert, Tobias and R{\"o}hrle, Oliver},
  journal={PLoS computational biology},
  volume={13},
  number={10},
  pages={e1005773},
  year={2017},
  publisher={Public Library of Science San Francisco, CA USA},
  doi={10.1371/journal.pcbi.1005773}
}


@article{Herzog1997Depression,
  title={Depression of cat soleus forces following isokinetic shortening},
  author={Herzog, W and Leonard, TR},
  journal={Journal of biomechanics},
  volume={30},
  number={9},
  pages={865--872},
  year={1997},
  publisher={Elsevier},
  doi={10.1016/S0021-9290(97)00046-8}
}

@article{Herzog2000HistoryDependence,
  title={The history dependence of force production in mammalian skeletal muscle following stretch-shortening and shortening-stretch cycles},
  author={Herzog, W and Leonard, TR},
  journal={Journal of biomechanics},
  volume={33},
  number={5},
  pages={531--542},
  year={2000},
  publisher={Elsevier}
}



@article{HerzogLeonard2002ForceEnhancement,
	author = {Herzog, Walter and Leonard, Timothy R},
	title = {Force enhancement following stretching of skeletal muscle: a new mechanism},
	volume = {205},
	number = {9},
	pages = {1275--1283},
	year = {2002},
	journal = {The Journal of Experimental Biology},
  doi={10.1242/jeb.205.9.1275}
}



@article{HerzogLeonardJoumaaDuVallPanchangam2012ThreeFilamentModel,
  title={The three filament model of skeletal muscle stability and force production},
  author={Herzog, Walter and Leonard, Timothy R and Joumaa, Venus and DuVall, Michael M and Panchangam, Appaji},
  year={2012},
  publisher={Tech Science Press}
}


@article{Herzog2012TitinPropertiesInMyofibrils,
  title={Are titin properties reflected in single myofibrils?},
  author={Herzog, Jens A and Leonard, Tim R and Jinha, Azim and Herzog, Walter},
  journal={Journal of biomechanics},
  volume={45},
  number={11},
  pages={1893--1899},
  year={2012},
  publisher={Elsevier},
  doi={10.1016/j.jbiomech.2012.05.021}
}



@article{Herzog2014EnhancedForceMech,
  title={Mechanisms of enhanced force production in lengthening (eccentric) muscle contractions},
  author={Herzog, Walter},
  journal={Journal of Applied Physiology},
  volume={116},
  number={11},
  pages={1407--1417},
  year={2014},
  publisher={American Physiological Society Bethesda, MD}
}

@article{HerzogPowersJohnstonDuvall2015NewParadigm,
  title={A new paradigm for muscle contraction},
  author={Herzog, Walter and Powers, Krysta and Johnston, Kaleena and Duvall, Mike},
  journal={Frontiers in physiology},
  volume={6},
  pages={174},
  year={2015},
  publisher={Frontiers}
}



@article{Herzog2018Mysteries,
  title={The mysteries of eccentric muscle action},
  author={Herzog, Walter},
  journal={Journal of sport and health science},
  volume={7},
  number={3},
  pages={253},
  year={2018},
  publisher={Shanghai University of Sport}
}

@article{Hessel2017Effects,
  title={Effects of a titin mutation on negative work during stretch--shortening cycles in skeletal muscles},
  author={Hessel, Anthony L and Nishikawa, Kiisa C},
  journal={Journal of Experimental Biology},
  volume={220},
  number={22},
  pages={4177--4185},
  year={2017},
  publisher={The Company of Biologists Ltd}
}


@article{Herzog2019PassiveForceEnhancement,
  title={Passive force enhancement in striated muscle},
  author={Herzog, Walter},
  journal={Journal of Applied Physiology},
  volume={126},
  number={6},
  pages={1782--1789},
  year={2019},
  publisher={American Physiological Society Bethesda, MD},
  doi={10.1152/japplphysiol.00676.2018}
}


@article{Herzog2019Problem,
  title={The problem with skeletal muscle series elasticity},
  author={Herzog, Walter},
  journal={BMC Biomedical Engineering},
  volume={1},
  number={1},
  pages={1--14},
  year={2019},
  publisher={BioMed Central}
}




@article{Hicks2008:Crouch,
	title = {Crouched postures reduce the capacity of muscles to extend the hip and knee during the single-limb stance phase of gait},
	journal = {Journal of Biomechanics},
	volume = {41},
	number = {5},
	pages = {960--967},
	year = {2008},
	author = {Jennifer L. Hicks and Michael H. Schwartz and Allison S. Arnold and Scott L. Delp}
}

@article{Higuchi1995Compliance,
  title={Compliance of thin filaments in skinned fibers of rabbit skeletal muscle},
  author={Higuchi, Hideo and Yanagida, Toshio and Goldman, Yale E},
  journal={Biophysical journal},
  volume={69},
  number={3},
  pages={1000--1010},
  year={1995},
  publisher={Elsevier},
  doi={10.1016/S0006-3495(95)79975-1}
}

@article{Horowits1986PhysRoleTitin,
  title={A physiological role for titin and nebulin in skeletal muscle},
  author={Horowits, Robert and Kempner, Ellis S and Bisher, Margaret E and Podolsky, Richard J},
  journal={Nature},
  volume={323},
  number={6084},
  pages={160--164},
  year={1986},
  publisher={Nature Publishing Group}
}

@article{Houmeida1995StudiesTitinMyosin,
  title={Studies of the interaction between titin and myosin},
  author={Houmeida, A and Holt, J and Tskhovrebova, L and Trinick, J},
  journal={Journal of Cell Biology},
  volume={131},
  number={6},
  pages={1471--1481},
  year={1995},
  publisher={The Rockefeller University Press},
  doi={10.1083/jcb.131.6.1471}
}


@article{Hunter1982KFcnF,
  title={Dynamics of human ankle stiffness: variation with mean ankle torque},
  author={Hunter, IW and Kearney, RE},
  journal={Journal of biomechanics},
  volume={15},
  number={10},
  pages={747--752},
  year={1982},
  publisher={Elsevier}
}

@article{Hu2011MuscleSRSArmEndpointStiffness,
  title={Muscle short-range stiffness can be used to estimate the endpoint stiffness of the human arm},
  author={Hu, Xiao and Murray, Wendy M and Perreault, Eric J},
  journal={Journal of neurophysiology},
  volume={105},
  number={4},
  pages={1633--1641},
  year={2011},
  publisher={American Physiological Society Bethesda, MD}
}



@inproceedings{Hill:MuscleModel,
author  = {Hill, Archibald Vivian},
title   = {The heat of shortening and the dynamics constants of muscle},
booktitle = {Proceedings of the Royal Society of London},
volume = {126},
pages   = {136-195},
year    = {1938},
doi = {10.1098/rspb.1938.0050}
}

@article {Hogan1985:HumanImpedance,
	author = {Neville Hogan},
	title = {The mechanics of multi-joint posture and movement control},
	journal = {Biological Cybernetics},
	pages = {315--331},
	volume = {52},
	number = {5},
	year = {1985},
  doi={10.1007/BF00355754}
}

@article{HoyZajacGordon90:LowerLegModel,
author = {MG Hoy and FE Zajac and ME Gordon},
title = {A musculoskeletal model of the human lower extremity: the effect of muscle, tendon and moment arm on the moment-angle relationship of musculotendon actuators at the hip, knee and ankle},
journal = {Journal of Biomechanics},
volume = {2},
year = {1990},
pages = {157-169}
}

@article{HuntCrossley:Contact,
	author = {K. H. Hunt and F. R. E. Crossley},
	title = {Coefficient of restitution interpreted as damping in vibroimpact},
	journal = {Journal of Applied Mechanics},
	volume = {42},
	number = {2},
	year = {1975},
	pages = {440–-445}
}

@article{Huxley1961MaximumLength,
  title={The maximum length for contraction in vertebrate striated muscle},
  author={Huxley, AF and Peachey, LD},
  journal={The Journal of physiology},
  volume={156},
  number={1},
  pages={150},
  year={1961},
  publisher={Wiley-Blackwell}
}

@article{Huxley1971ProposedMechanisms,
  title={Proposed Mechanism of Force Generation in Striated Muscle},
  author={Huxley, Andrew F and Simmons, Ro M},
  journal={Nature},
  volume={223},
  number={1},
  pages={533--538},
  year={1971},
  publisher={Nature Publishing Group},
  doi={10.1038/233533a0}
}



%%------------------------------------------------------------------------------
% I
%%------------------------------------------------------------------------------

%%------------------------------------------------------------------------------
% J
%%------------------------------------------------------------------------------

@article{Johansson2000FeaMuscle,
  title={A finite-element model for the mechanical analysis of skeletal muscles},
  author={Johansson, T and Meier, P and Blickhan, Reinhard},
  journal={Journal of theoretical biology},
  volume={206},
  number={1},
  pages={131--149},
  year={2000},
  publisher={Elsevier}
}

@article{Johnston2016NonuniformSarcomeres,
  title={The role of sarcomere length non-uniformities in residual force enhancement of skeletal muscle myofibrils},
  author={Johnston, Kaleena and Jinha, Azim and Herzog, Walter},
  journal={Royal Society Open Science},
  volume={3},
  number={3},
  pages={150657},
  year={2016},
  publisher={The Royal Society},
  doi={10.1098/rsos.150657}
}


@article{Jami1992GolgiTendon,
  author = {Jami, L},
  title = {Golgi tendon organs in mammalian skeletal muscle: functional properties and central actions},
  volume = {72},
  number = {3},
  pages = {623--666},
  year = {1992},
  journal = {Physiological Reviews}
}

@article{Johnson2008RatHindlimb,
  author = {Johnson, W.L. and Jindrich, D.L. and Roland, R.R. and Edgerton, V.R.},
  title = {A three-dimensional model of the rat hindlimb: musculoskeletal geometry and muscle moment arms},
  volume = {41},
  pages = {610--619},
  year = {2008},
  journal = {Journal of Biomechanics}
}


@article{Johnston2016:SarcomereNonUniformity,
  author = {Johnston, K and Jinha, A and Herzog, W},
  title = {The role of sarcomere length non-uniformities in residual force enhancement of skeletal muscle myofibrils},
  volume = {3},
  issue = {150657},
  pages = {1--9},
  year = {2016},
  journal = {Royal Society Open Science}
}
%doi:10.1016/j.jbiomech.2007.10.004

@article{Joumaa2007:OriginOfPassiveForceEnhancement,
  author = {Joumaa, V and Rassier, D.E. and Leonard, T.R. and Herzog W},
  title = {The origin of passive force enhancement in skeletal muscle},
  volume = {294},
  pages = {C74--C79},
  year = {2008},
  journal = {American Physiology Journal of Cell Physiology }
}

@article{Joyce1969,
	author = {G. C. Joyce and P. M. H. Rack and D. R. Westbury},
	title = {The mechanical properties of cat soleus muscle during controlled lengthening and shortening movements},
	volume = {204},
	number = {2},
	pages = {461--474},
	year = {1969},
	journal = {The Journal of Physiology}
}


%%------------------------------------------------------------------------------
% K
%%------------------------------------------------------------------------------



@article{Kawakami2000Interaction,
  title={Interaction between series compliance and sarcomere kinetics determines internal sarcomere shortening during fixed-end contraction},
  author={Kawakami, Yasuo and Lieber, Richard L},
  journal={Journal of biomechanics},
  volume={33},
  number={10},
  pages={1249--1255},
  year={2000},
  publisher={Elsevier}
}

@article{Kawakami1993:PennationHypertrophy,
	author = {Yasuo Kawakami and Takashi Abe and Tetsuo Fukunaga},
	title = {Muscle-fiber pennation angles are greater in hypertrophied than in normal muscles},
	volume = {74},
	number = {6},
	pages = {2740--2744},
	year = {1993},
	journal = {Journal of Applied Physiology}
}

@article{KayaHiguchi2013MyosinStiffness,
  title={Stiffness, working stroke, and force of single-myosin molecules in skeletal muscle: elucidation of these mechanical properties via nonlinear elasticity evaluation},
  author={Kaya, Motoshi and Higuchi, Hideo},
  journal={Cellular and molecular life sciences},
  volume={70},
  number={22},
  pages={4275--4292},
  year={2013},
  publisher={Springer},
  doi={10.1007/s00018-013-1353-x}
}


@article{Kearney1997StiffId,
  title={Identification of intrinsic and reflex contributions to human ankle stiffness dynamics},
  author={Kearney, Robert E and Stein, Richard B and Parameswaran, Luckshman},
  journal={IEEE transactions on biomedical engineering},
  volume={44},
  number={6},
  pages={493--504},
  year={1997},
  publisher={IEEE},
  doi={10.1109/10.581944}
}

@article{Kellermayer1996CaInhibition,
  title={Calcium-dependent inhibition of in vitro thin-filament motility by native titin},
  author={Kellermayer, Mikl{\'o}s SZ and Granzier, Henk L},
  journal={FEBS letters},
  volume={380},
  number={3},
  pages={281--286},
  year={1996},
  publisher={Wiley Online Library},
  doi={10.1016/0014-5793(96)00055-5}
}


@article{Kellermayer1997FoldingUnfoldingTitin,
  title={Folding-unfolding transitions in single titin molecules characterized with laser tweezers},
  author={Kellermayer, Mikl{\'o}s SZ and Smith, Steven B and Granzier, Henk L and Bustamante, Carlos},
  journal={Science},
  volume={276},
  number={5315},
  pages={1112--1116},
  year={1997},
  publisher={American Association for the Advancement of Science},
  doi={10.1126/science.276.5315.1112}
}


@article{Kirsch1994MuscleImpedance,
  title={Muscle stiffness during transient and continuous movements of cat muscle: perturbation characteristics and physiological relevance},
  author={Kirsch, Robert F and Boskov, Djordje and Rymer, William Z},
  journal={IEEE Transactions on Biomedical Engineering},
  volume={41},
  number={8},
  pages={758--770},
  year={1994},
  publisher={IEEE},
  doi={10.1109/10.310091}
}

@article{Kistemaker2006FastSingleJointMovements,
  title={Is equilibrium point control feasible for fast goal-directed single-joint movements?},
  author={Kistemaker, Dinant A and Van Soest, Arthur K J and Bobbert, Maarten F},
  journal={Journal of Neurophysiology},
  volume={95},
  number={5},
  pages={2898--2912},
  year={2006},
  publisher={American Physiological Society},
  doi={10.1152/jn.00983.2005}
}



@article{Knappeis1968UltrastructureMLine,
  title={The ultrastructure of the M line in skeletal muscle},
  author={Knappeis, Gustav G and Carlsen, Frits},
  journal={The Journal of cell biology},
  volume={38},
  number={1},
  pages={202--211},
  year={1968},
  publisher={Rockefeller University Press}
}

@article{Koelewijn2020PriproceptiveReflexes,
  title={Exploring the Contribution of Proprioceptive Reflexes to Balance Control in Perturbed Standing},
  author={Koelewijn, Anne D and Ijspeert, Auke J},
  journal={Frontiers in bioengineering and biotechnology},
  volume={8},
  pages={866},
  year={2020},
  publisher={Frontiers}
}

@book{Koopmans1995spectral,
  title={The spectral analysis of time series},
  author={Koopmans, Lambert H},
  year={1995},
  publisher={Elsevier},
  note={{ISBN:} 9780080541563}
}


@article{Kosta2022FiberSim,
title = {FiberSim: A flexible open-source model of myofilament-level contraction},
journal = {Biophysical Journal},
volume = {121},
number = {2},
pages = {175-182},
year = {2022},
issn = {0006-3495},
doi = {https://doi.org/10.1016/j.bpj.2021.12.021},
author = {Sarah Kosta and Dylan Colli and Qiang Ye and Kenneth S. Campbell},
}


@article{Krylow1997,
	title = {Dynamic force responses of muscle involving eccentric contraction},
	journal = {Journal of Biomechanics},
	volume = {30},
	number = {1},
	pages = {27--33},
	year = {1997},
	author = {Andrew M. Krylow and Thomas G. Sandercock}
}

%%------------------------------------------------------------------------------
% L
%%------------------------------------------------------------------------------

@article{Labeit2003CaDependentTitin,
  title={Calcium-dependent molecular spring elements in the giant protein titin},
  author={Labeit, Dietmar and Watanabe, Kaori and Witt, Christian and Fujita, Hideaki and Wu, Yiming and Lahmers, Sunshine and Funck, Theodor and Labeit, Siegfried and Granzier, Henk},
  journal={Proceedings of the National Academy of Sciences},
  volume={100},
  number={23},
  pages={13716--13721},
  year={2003},
  publisher={National Acad Sciences}
}


@article{LeeHerzog2002:ForceEnhancement,
author = {HD Lee and W Herzog},
title = {Force enhancement following muscle stretch of electrically stimulated and voluntarily activated human adductor pollicis},
journal = {Journal of Physiology},
volume = {545},
pages = {321-330},
year = {2002}
}

@article{Lee2001EffectsCyclicMuscleLengthChanges,
  title={Effects of cyclic changes in muscle length on force production in in-situ cat soleus},
  author={Lee, Hae-Dong and Herzog, Walter and Leonard, Tim},
  journal={Journal of biomechanics},
  volume={34},
  number={8},
  pages={979--987},
  year={2001},
  publisher={Elsevier}
}


@article{Leonard2010ForceEnhancementSingleSarcomere,
  title={Force enhancement following stretch in a single sarcomere},
  author={Leonard, Timothy Robert and DuVall, Mike and Herzog, Walter},
  journal={American Journal of Physiology-Cell Physiology},
  volume={299},
  number={6},
  pages={C1398--C1401},
  year={2010},
  publisher={American Physiological Society Bethesda, MD}
}


@article{Leonard2010Regulation,
  title={Regulation of muscle force in the absence of actin-myosin-based cross-bridge interaction},
  author={Leonard, Tim R and Herzog, Walter},
  journal={American Journal of Physiology-Cell Physiology},
  volume={299},
  number={1},
  pages={C14--C20},
  year={2010},
  publisher={American Physiological Society Bethesda, MD}
}


@article {Lemaire2016:HillVsHuxley,
	author = {Lemaire, Koen K. and Baan, Guus C. and Jaspers, Richard T. and van Soest, A. J. {\textquoteleft}Knoek{\textquoteright}},
	title = {Comparison of the validity of Hill and Huxley muscle{\textendash}tendon complex models using experimental data obtained from rat m. soleus in situ},
	volume = {219},
	number = {7},
	pages = {977--987},
	year = {2016},
	doi = {10.1242/jeb.128280},
	publisher = {The Company of Biologists Ltd},
	issn = {0022-0949},
	journal = {Journal of Experimental Biology}
}


@book{Lieber2002Skeletal,
  title={Skeletal muscle structure, function, and plasticity},
  author={Lieber, Richard L},
  year={2002},
  publisher={Lippincott Williams \& Wilkins}
}


@article{Lin2019Yank,
  title={Yank: the time derivative of force is an important biomechanical variable in sensorimotor systems},
  author={Lin, David C and McGowan, Craig P and Blum, Kyle P and Ting, Lena H},
  journal={Journal of Experimental Biology},
  volume={222},
  number={18},
  year={2019},
  publisher={The Company of Biologists Ltd}
}


@article{Linari2003EnergyStorage,
  title={Energy storage during stretch of active single fibres from frog skeletal muscle},
  author={Linari, Marco and Woledge, RC and Curtin, NA},
  journal={The Journal of physiology},
  volume={548},
  number={2},
  pages={461--474},
  year={2003},
  publisher={Wiley Online Library}
}

@article{Lindstedt2017HuxleysMissingFilament,
  title={Huxleys’ missing filament: form and function of titin in vertebrate striated muscle},
  author={Lindstedt, Stan and Nishikawa, Kiisa},
  journal={Annual review of physiology},
  volume={79},
  pages={145--166},
  year={2017},
  publisher={Annual Reviews},
  doi={10.1146/annurev-physiol-022516-034152}
}

@article{Linke1997ActinTitinCardiacMyofibril,
  title={Actin-titin interaction in cardiac myofibrils: probing a physiological role},
  author={Linke, Wolfgang A and Ivemeyer, Marc and Labeit, Siegfried and Hinssen, Horst and R{\"u}egg, J Caspar and Gautel, Mathias},
  journal={Biophysical Journal},
  volume={73},
  number={2},
  pages={905--919},
  year={1997},
  publisher={Elsevier}
}

@article{Linke1998NaturePEVK,
  title={Nature of PEVK-titin elasticity in skeletal muscle},
  author={Linke, Wolfgang A and Ivemeyer, Marc and Mundel, Peter and Stockmeier, Marc R and Kolmerer, Bernhard},
  journal={Proceedings of the National Academy of Sciences},
  volume={95},
  number={14},
  pages={8052--8057},
  year={1998},
  publisher={National Acad Sciences}
}


@article{Lin1993MechPropCatSoleus,
  title={Mechanical properties of cat soleus muscle elicited by sequential ramp stretches: implications for control of muscle},
  author={Lin, DAVID C and Rymer, William Z},
  journal={Journal of neurophysiology},
  volume={70},
  number={3},
  pages={997--1008},
  year={1993},
  publisher={American Physiological Society Bethesda, MD}
}

@article{Lin2000DampingNMSWithInertia,
  title={Damping actions of the neuromuscular system with inertial loads: soleus muscle of the decerebrate cat},
  author={Lin, David C and Rymer, W Zev},
  journal={Journal of neurophysiology},
  volume={83},
  number={2},
  pages={652--658},
  year={2000},
  publisher={American Physiological Society Bethesda, MD}
}


@article{LeonardJoumaaHerzog2010Activatable,
  title={An activatable molecular spring reduces muscle tearing during extreme stretching},
  author={Leonard, Timothy R and Joumaa, Venus and Herzog, Walter},
  journal={Journal of biomechanics},
  volume={43},
  number={15},
  pages={3063--3066},
  year={2010},
  publisher={Elsevier},
  doi={10.1016/j.jbiomech.2010.07.016}
}



@misc{LifeMOD,
 author = {LifeMOD\textsuperscript{\texttrademark}},
 note = {http://www.lifemodeler.com},
 year={2012}
}

@article{Ling2009:SurgerySimulationLatissimusDorsiTransfer,
title = {Biomechanics of latissimus dorsi transfer for irreparable posterosuperior rotator cuff tears},
journal = {Clinical Biomechanics},
volume = {24},
number = {3},
pages = {261-266},
year = {2009},
author = {H.Y. Ling and J.G. Angeles and M.B. Horodyski}
}

@article{Linke2014Gigantic,
  title={Gigantic business: titin properties and function through thick and thin},
  author={Linke, Wolfgang A and Hamdani, Nazha},
  journal={Circulation research},
  volume={114},
  number={6},
  pages={1052--1068},
  year={2014},
  publisher={Am Heart Assoc}
}


@article{Liu2006:WalkingSupportPropulsionMuscles,
	title = {Muscles that support the body also modulate forward progression during walking},
	journal = {Journal of Biomechanics},
	volume = {39},
	number = {14},
	pages = {2623--2630},
	year = {2006},
	author = {May Q. Liu and Frank C. Anderson and Marcus G. Pandy and Scott L. Delp}
}


@article{Luther1978Structure3DMBand,
  title={Three-dimensional structure of the vertebrate muscle M-region},
  author={Luther, Pradeep and Squire, John},
  journal={Journal of molecular biology},
  volume={125},
  number={3},
  pages={313--324},
  year={1978},
  publisher={Elsevier}
}


@article{Luther2000Structure3DZBand,
  title={Three-dimensional structure of a vertebrate muscle Z-band: implications for titin and $\alpha$-actinin binding},
  author={Luther, Pradeep K},
  journal={Journal of structural biology},
  volume={129},
  number={1},
  pages={1--16},
  year={2000},
  publisher={Elsevier}
}


%%------------------------------------------------------------------------------
% M
%%------------------------------------------------------------------------------


@article{Ma1991DistributionMomentModel,
  title={A distribution-moment model of energetics in skeletal muscle},
  author={Ma, Shiping and Zahalak, George I},
  journal={Journal of biomechanics},
  volume={24},
  number={1},
  pages={21--35},
  year={1991},
  publisher={Elsevier}
}

@article{Ma1988activation,
  title={Activation dynamics for a distribution-moment model of skeletal muscle},
  author={Ma, Shiping and Zahalak, George I},
  journal={Mathematical and Computer Modelling},
  volume={11},
  pages={778--782},
  year={1988},
  publisher={Pergamon}
}


@article{Maganaris2001InVivoSpecificTension,
  title={In vivo specific tension of human skeletal muscle},
  author={Maganaris, Constantinos N and Baltzopoulos, Vasilios and Ball, Derek and Sargeant, Anthony J},
  journal={Journal of applied physiology},
  volume={90},
  number={3},
  pages={865--872},
  year={2001},
  publisher={American Physiological Society Bethesda, MD},
  doi={10.1152/jappl.2001.90.3.865}
}


@article{Maganaris2002:AchillesTendonTensileProperties,
	title = {Tensile properties of the in vivo human gastrocnemius tendon},
	journal = {Journal of Biomechanics},
	volume = {35},
	number = {12},
	pages = {1639--1646},
	year = {2002},
	author = {Constantinos N. Maganaris and John P. Paul}
}

@article{Magnusson2001:AchillesTendonTensileProperties,
	author = {S. Peter Magnusson and Per Aagaard and Sofie Rosager and Poul Dyhre-Poulsen and Michael Kjaer},
	title = {Load--displacement properties of the human triceps surae aponeurosis in vivo},
	volume = {531},
	number = {1},
	pages = {277--288},
	year = {2001},
	journal = {The Journal of Physiology}
}

@article{Maruyama1985ConnectinZToThick,
  title={Connectin filaments link thick filaments and Z lines in frog skeletal muscle as revealed by immunoelectron microscopy.},
  author={Maruyama, Koscak and Yoshioka, Toshitada and Higuchi, Hideo and Ohashi, Kazuyo and Kimura, Sumiko and Natori, Reiji},
  journal={The Journal of cell biology},
  volume={101},
  number={6},
  pages={2167--2172},
  year={1985},
  doi={10.1083/jcb.101.6.2167}
}

@article{Millard2021ImpedanceMuscle,
  title={A mechanistic model of muscle force and impedance},
  author={Millard, M and Franklin, D and Herzog, W},
  note={In preparation}
}

@article{Minajeva2002:TitinVel,
author = {Minajeva, Ave and Neagoe, Ciprian and Kulke, Michael and Linke, Wolfgang A.},
title = {Titin-based contribution to shortening velocity of rabbit skeletal myofibrils},
journal = {The Journal of Physiology},
volume = {540},
number = {1},
pages = {177-188},
doi = {10.1113/jphysiol.2001.013154},
year = {2002}
}


@article{Mirbagheri2000IntrinsicAndReflexAnkleStiffness,
  title={Intrinsic and reflex contributions to human ankle stiffness: variation with activation level and position},
  author={Mirbagheri, MM and Barbeau, H and Kearney, RE},
  journal={Experimental Brain Research},
  volume={135},
  number={4},
  pages={423--436},
  year={2000},
  publisher={Springer}
}

@article{https://doi.org/10.1113/jphysiol.2001.013154,
author = {Minajeva, Ave and Neagoe, Ciprian and Kulke, Michael and Linke, Wolfgang A.},
title = {Titin-based contribution to shortening velocity of rabbit skeletal myofibrils},
journal = {The Journal of Physiology},
volume = {540},
number = {1},
pages = {177-188},
doi = {https://doi.org/10.1113/jphysiol.2001.013154},
eprint = {https://physoc.onlinelibrary.wiley.com/doi/pdf/10.1113/jphysiol.2001.013154},
year = {2002}
}


@article{Millard2013Flexing,
  title={Flexing computational muscle: modeling and simulation of musculotendon dynamics},
  author={Millard, Matthew and Uchida, Thomas and Seth, Ajay and Delp, Scott L},
  journal={Journal of biomechanical engineering},
  volume={135},
  number={2},
  year={2013},
  publisher={American Society of Mechanical Engineers Digital Collection},
  doi={10.1115/1.4023390}
}


@article{Millar1990CalciumSensitivity,
  title={The effect of phosphate and calcium on force generation in glycerinated rabbit skeletal muscle fibers. A steady-state and transient kinetic study},
  author={Millar, Neil C and Homsher, Earl},
  journal={Journal of Biological Chemistry},
  volume={265},
  number={33},
  pages={20234--20240},
  year={1990},
  publisher={Elsevier},
  doi={10.1016/S0021-9258(17)30494-5}
}


@article{Milner1993UnstableWrist,
  title={Compensation for mechanically unstable loading in voluntary wrist movement},
  author={Milner, Theodore E and Cloutier, Caroline},
  journal={Experimental Brain Research},
  volume={94},
  number={3},
  pages={522--532},
  year={1993},
  publisher={Springer}
}

@article{Mitrovic2010CompModelLimbImpControl,
  title={A computational model of limb impedance control based on principles of internal model uncertainty},
  author={Mitrovic, Djordje and Klanke, Stefan and Osu, Rieko and Kawato, Mitsuo and Vijayakumar, Sethu},
  journal={PloS one},
  volume={5},
  number={10},
  pages={e13601},
  year={2010},
  publisher={Public Library of Science},
  doi={10.1371/journal.pone.0013601}
}


@article{Monroy2017EffectsTitinDeletion,
  title={Effects of activation on the elastic properties of intact soleus muscles with a deletion in titin},
  author={Monroy, Jenna A and Powers, Krysta L and Pace, Cinnamon M and Uyeno, Theodore and Nishikawa, Kiisa C},
  journal={Journal of Experimental Biology},
  volume={220},
  number={5},
  pages={828--836},
  year={2017},
  publisher={The Company of Biologists Ltd}
}


@article{Morgan1977ActinRotates,
  title={Actin rotates as myosin translates.},
  author={Morgan, Richard S},
  journal={Journal of Theoretical Biology},
  volume={76},
  pages={769-771},
  year={1977}
}


@book{Mortenson:GeometricModeling,
	author = {Michael E. Mortenson},
	title = {Geometric Modeling},
	publisher = {Industrial Press},
	address = {New York, U.S.A.},
	edition = {3rd},
	year = {2006}
}

@article{Moore1984Golgi,
  title={The Golgi tendon organ: a review and update},
  author={Moore, Josephine C},
  journal={American Journal of Occupational Therapy},
  volume={38},
  number={4},
  pages={227--236},
  year={1984},
  publisher={American Occupational Therapy Association}
}

@article{Martin2000HyperbolicSplines,
  title={Hyperbolic splines and nonlinear distortion},
  author={Martin, Richard and Lever, Ken and McCarthy, Jeff},
  journal={IEEE Transactions on Signal Processing},
  volume={48},
  number={6},
  pages={1825--1828},
  year={2000},
  publisher={IEEE}
}


@article{Maruyama1976Connectin,
  title={Connectin, an elastic protein from myofibrils},
  author={Maruyama, Koscak},
  journal={The Journal of Biochemistry},
  volume={80},
  number={2},
  pages={405--407},
  year={1976},
  publisher={The Japanese Biochemical Society}
}



@article{Matsubara1972:MuscleVolume,
	title = {X-ray diffraction studies on skinned single fibres of frog skeletal muscle},
	journal = {Journal of Molecular Biology},
	volume = {72},
	number = {3},
	pages = {657--669},
	year = {1972},
	author = {Ichiro Matsubara and Gerald F. Elliott}
}

@article{Mashima1984:forceVelocity,
	author = {H. Mashima},
	title  = {Force--velocity relation and contractility in striated muscles},
	journal = {The Japanese Journal of Physiology},
	year = {1984},
	volume = {34},
	number = {1},
	pages = {1--17}
}

@article{Murray2006:SurgerySimulationBrachioradialisTendonTransfer,
author = {Murray, Wendy M. and Hentz, Vincent R. and Fridén, Jan and Lieber, Richard L.},
title = {Variability in Surgical Technique for Brachioradialis Tendon Transfer Evidence and Implications},
journal = {The Journal of Bone \& Joint Surgery},
volume = {88},
number = {9},
pages = {2009-2016},
year = {2006}
}

@article{MussaIvaldi1985NeuralMechGeoArmPosture,
  title={Neural, mechanical, and geometric factors subserving arm posture in humans},
  author={Mussa-Ivaldi, Ferdinando A and Hogan, Neville and Bizzi, Emilio},
  journal={Journal of Neuroscience},
  volume={5},
  number={10},
  pages={2732--2743},
  year={1985},
  publisher={Soc Neuroscience},
  doi={10.1523/JNEUROSCI.05-10-02732.1985}
}


%%------------------------------------------------------------------------------
% N
%%------------------------------------------------------------------------------

@article{Nagy2004ActinPEVK,
  title={Differential actin binding along the PEVK domain of skeletal muscle titin},
  author={Nagy, Attila and Cacciafesta, Paola and Grama, L{\'a}szl{\'o} and Kengyel, Andr{\'a}s and M{\'a}ln{\'a}si-Csizmadia, Andr{\'a}s and Kellermayer, Mikl{\'o}s SZ},
  journal={Journal of cell science},
  volume={117},
  number={24},
  pages={5781--5789},
  year={2004},
  publisher={The Company of Biologists Ltd},
  doi={10.1242/jcs.01501}
}


@article{Neagoe2003Gigantic,
  title={Gigantic variety: expression patterns of titin isoforms in striated muscles and consequences for myofibrillar passive stiffness},
  author={Neagoe, Ciprian and Opitz, Christiane A and Makarenko, Irina and Linke, Wolfgang A},
  journal={Journal of Muscle Research \& Cell Motility},
  volume={24},
  number={2-3},
  pages={175--189},
  year={2003},
  publisher={Springer}
}


@article{NelderMead1965:Simplex,
	author = {J. A. Nelder and R. Mead},
	title = {A simplex method for function minimization},
	volume = {7},
	number = {4},
	pages = {308--313},
	year = {1965},
	journal = {The Computer Journal}
}

@article{Neptune2005:PlantarFlexorPreferredSpeed,
	author = {Richard R. Neptune and Kotaro Sasaki},
	title = {Ankle plantar flexor force production is an important determinant of the preferred walk-to-run transition speed},
	volume = {208},
	number = {5},
	pages = {799--808},
	year = {2005},
	journal = {The Journal of Experimental Biology}
}

@article{Neptune1997:CyclingMechWorkVsMetabolic,
	title = {Standard mechanical energy analyses do not correlate with muscle work in cycling},
	journal = {Journal of Biomechanics},
	volume = {31},
	number = {3},
	pages = {239--245},
	year = {1998},
	author = {R. R. Neptune and A. J. van den Bogert}
}

@article{Neptune1998:CyclingSimulation,
author = {Neptune,R.R. and Hull,M.L.},
title = {Evaluation of Performance Criteria for Simulation of Submaximal Steady-State Cycling Using a Forward Dynamic Model},
publisher = {ASME},
year = {1998},
journal = {Journal of Biomechanical Engineering},
volume = {120},
number = {3},
pages = {334-341}
}

@article{Neptune1999:EndurancePedalingSimulation,
	title = {A theoretical analysis of preferred pedaling rate selection in endurance cycling},
	journal = {Journal of Biomechanics},
	volume = {32},
	number = {4},
	pages = {409--415},
	year = {1999},
	author = {R. R. Neptune and M. L. Hull}
}

@article{Netti1996TendonLigament,
  title={Structure-mechanical properties relationship of natural tendons and ligaments},
  author={Netti, P and D'Amore, A and Ronca, D and Ambrosio, L and Nicolais, L},
  journal={Journal of Materials Science: Materials in Medicine},
  volume={7},
  number={9},
  pages={525--530},
  year={1996},
  publisher={Springer},
  doi={10.1007/BF00122175}
}


@article{Nichols1976ReflexImprovesStiffness,
  title={Improvement in linearity and regulation of stiffness that results from actions of stretch reflex},
  author={Nichols, TR and Houk, JC},
  journal={journal of Neurophysiology},
  volume={39},
  number={1},
  pages={119--142},
  year={1976},
  publisher={American Physiological Society Bethesda, MD}
}

@article{Nitschke2020SimCurvedRunning,
  title={Efficient trajectory optimization for curved running using a 3D musculoskeletal model with implicit dynamics},
  author={Nitschke, Marlies and Dorschky, Eva and Heinrich, Dieter and Schlarb, Heiko and Eskofier, Bjoern M and Koelewijn, Anne D and van den Bogert, Antonie J},
  journal={Scientific reports},
  volume={10},
  number={1},
  pages={1--12},
  year={2020},
  publisher={Nature Publishing Group}
}


@article{Niederlander2004RegulationActinMyosinByTitin,
  title={Regulation of the actin--myosin interaction by titin},
  author={Niederl{\"a}nder, Nicolas and Raynaud, Fabrice and Astier, Catherine and Chaussepied, Patrick},
  journal={European journal of biochemistry},
  volume={271},
  number={22},
  pages={4572--4581},
  year={2004},
  publisher={Wiley Online Library},
  doi={10.1111/j.1432-1033.2004.04429.x}
}




@book{NiggHerzog:Biomechanics,
    author = {BM Nigg and W Herzog},
    title = {Biomechanics of the Musculo-skeletal System},
    publisher = {Wiley},
    address = {West Sussex, England},
    year = {1994}
}

@article{Nishikawa2012TitinWindingFilament,
  title={Is titin a ‘winding filament’? A new twist on muscle contraction},
  author={Nishikawa, Kiisa C and Monroy, Jenna A and Uyeno, Theodore E and Yeo, Sang Hoon and Pai, Dinesh K and Lindstedt, Stan L},
  journal={Proceedings of the royal society B: Biological sciences},
  volume={279},
  number={1730},
  pages={981--990},
  year={2012},
  publisher={The Royal Society},
  doi={10.1098/rspb.2011.1304}
}

%  title={Huxleys{’} missing filament: form and function of titin in vertebrate striated muscle},
  author={Lindstedt, Stan and Nishikawa, Kiisa},
  journal={Annual review of physiology},
  volume={79},
  pages={145--166},
  year={2017},
  publisher={Annual Reviews}
}

@article{Noll1935polarisationsoptik,
  title={Polarisationsoptik und molekularer Feinbau der Q-Abschnitte des Froschmuskels},
  author={Noll, Daniel and Weber, Hans H},
  journal={Pfl{\"u}ger's Archiv f{\"u}r die gesamte Physiologie des Menschen und der Tiere},
  volume={235},
  number={1},
  pages={234--246},
  year={1935},
  publisher={Springer}
}





%%------------------------------------------------------------------------------
% O
%%------------------------------------------------------------------------------

@book{Oppenheim1997:SignalsAndSystems,
  title={Signals \& Systems},
  author={Oppenheim, AV and Willsky, AS and Nawab, SH},
  edition={2nd},
  publisher={Prentice-Hall, Upper Saddle River, New Jersey},
  year={1996},
  isbn={0138147574}
}


%%------------------------------------------------------------------------------
% P
%%------------------------------------------------------------------------------

@article{Pai2011IUTAM:Strands,
	title = {Dynamics of biomechanisms: musculotendon mass, constraints, and architecture},
	journal = {Procedia IUTAM},
	volume = {2},
	pages = {158--167},
	year = {2011},
	note = {Symposium on Human Body Dynamics},
	author = {Dinesh K. Pai and Shinjiro Sueda and David I. W. Levin}
}

@article{Parmley1967SeriesElasticityHeartMuscle,
  title={Series elasticity in heart muscle: Its relation to contractile element velocity and proposed muscle models},
  author={Parmley, William W and Sonnenblick, Edmund H},
  journal={Circulation Research},
  volume={20},
  number={1},
  pages={112--123},
  year={1967},
  publisher={Am Heart Assoc}
}


@article{PetersonRassierHerzog2004:ForceEnhancementAscendingLimb,
author = {DR Peterson and DE Rassier and W Herzog},
title = {Force enhancement in single skeletal muscle fibers on the ascending limb of the force-length relationship},
journal = {The Journal of Experimental Biology},
volume = {207},
pages = {2787-2791},
year = {2004},
doi={10.1242/jeb.01095}
}

@article{Perreault2004Multijoint,
  title={Multijoint dynamics and postural stability of the human arm},
  author={Perreault, Eric J and Kirsch, Robert F and Crago, Patrick E},
  journal={Experimental brain research},
  volume={157},
  number={4},
  pages={507--517},
  year={2004},
  publisher={Springer},
  doi={10.1007/s00221-004-1864-7}
}


@article{Piazzesi1995ACrossBridgeModel,
  title={A cross-bridge model that is able to explain mechanical and energetic properties of shortening muscle.},
  author={Piazzesi, Gabriella and Lombardi, Vincenzo},
  journal={Biophysical journal},
  volume={68},
  number={5},
  pages={1966},
  year={1995},
  publisher={The Biophysical Society}
}


@article{Pollack1995:AlternativeTheories,
author = {Pollack, Gerald H},
title = {Muscle contraction mechanism: are alternative engines gathering steam?},
volume = {29},
number = {6},
pages = {737-746},
year = {1995},
journal = {Cardiovascular Research}
}

@article{Prado2005ECMandTitin,
  title={Isoform diversity of giant proteins in relation to passive and active contractile properties of rabbit skeletal muscles},
  author={Prado, Lucas G and Makarenko, Irina and Andresen, Christian and Kr\"{u}ger, Martina and Opitz, Christiane A and Linke, Wolfgang A},
  journal={The Journal of general physiology},
  volume={126},
  number={5},
  pages={461--480},
  year={2005},
  publisher={Rockefeller University Press},
  doi={10.1085/jgp.200509364}
}


%%------------------------------------------------------------------------------
% Q
%%------------------------------------------------------------------------------
%%------------------------------------------------------------------------------
% R
%%------------------------------------------------------------------------------

@article{Rack1969Effects,
  title={The effects of length and stimulus rate on tension in the isometric cat soleus muscle},
  author={Rack, Peter MH and Westbury, DR},
  journal={The Journal of physiology},
  volume={204},
  number={2},
  pages={443},
  year={1969},
  publisher={Wiley-Blackwell},
  doi={10.1113/jphysiol.1969.sp008923},
}

@article{Rack1974Short,
  title={The short range stiffness of active mammalian muscle and its effect on mechanical properties},
  author={Rack, Peter MH and Westbury, DR},
  journal={The Journal of physiology},
  volume={240},
  number={2},
  pages={331--350},
  year={1974},
  publisher={Wiley Online Library},
  doi={10.1113/jphysiol.1974.sp010613}
}


https://doi.org/10.1113%2Fjphysiol.1969.sp008923

@article{Rasmussen:MinMaxCriterion,
author = {J Rasmussen and M Damsgaard and M Voigt},
title = {Muscle recruitment by the min/max criterion-a comparative numerical study},
journal = {Journal of Biomechanics},
volume = {34},
number = {3},
pages = {409-415},
year = {2000}
}

@article{Reinbolt2011:HumanMovementOpenSim,
title = {Simulation of human movement: applications using {O}pen{S}im},
journal = {Procedia IUTAM},
volume = {2},
pages = {186-198},
year = {2011},
note = {Symposium on Human Body Dynamics},
author = {Jeffrey A. Reinbolt and Ajay Seth and Scott L. Delp}
}

@article{Reiner1998:FESSimulationStandUp,
	author = {Robert Riener and Thomas Fuhr},
	journal = {IEEE Transactions on Rehabilitation Engineering},
	title = {Patient-driven control of {FES}-supported standing up: {A} simulation study},
	year = {1998},
	volume = {6},
	number = {2},
	pages = {113--124}
}

@article{RMLewis:PatternSearch,
    author = {R Lewis and V Torczon},
    title  = {Pattern search algorithms for bound constrained minimization},
    journal = {SIAM Journal on Optimization},
    year = {1999},
    volume = {9},
    number = {4},
    pages = {264-269}
}

@article{Rockenfeller2018InterfilamentSpacing,
  title={Inter-filament spacing mediates calcium binding to troponin: A simple geometric-mechanistic model explains the shift of force-length maxima with muscle activation},
  author={Rockenfeller, Robert and G{\"u}nther, Michael},
  journal={Journal of theoretical biology},
  volume={454},
  pages={240--252},
  year={2018},
  publisher={Elsevier}
}

@article{Rockenfeller2022Muscle,
  title={Muscle active force-length curve explained by an electrophysical model of interfilament spacing},
  author={Rockenfeller, Robert and G{\"u}nther, Michael and Hooper, Scott L},
  journal={Biophysical Journal},
  volume={121},
  number={10},
  pages={1823--1855},
  year={2022},
  publisher={Elsevier},
  doi={10.1016/j.bpj.2022.04.019}
}


@article{Rode2009StickySpring,
  title={Titin-induced force enhancement and force depression: a ‘sticky-spring’mechanism in muscle contractions?},
  author={Rode, Christian and Siebert, Tobias and Blickhan, Reinhard},
  journal={Journal of theoretical biology},
  volume={259},
  number={2},
  pages={350--360},
  year={2009},
  publisher={Elsevier},
  doi={10.1016/j.jtbi.2009.03.015}
}


@article{Roots2012FEandTemp,
  title={Mechanism of force enhancement during and after lengthening of active muscle: a temperature dependence study},
  author={Roots, H and Pinniger, GJ and Offer, GW and Ranatunga, KW},
  journal={Journal of muscle research and cell motility},
  volume={33},
  pages={313--325},
  year={2012},
  publisher={Springer},
  doi={10.1007/s10974-012-9307-8}
}


@article{Rudolph2001:ACLCocont,
author = {KS Rudolph and MJ Axe and TS Buchanan and JP Scholz and L Snyder-Mackler},
title = {Dynamic stability in the anterior cruciate ligament deficient knee},
journal = {Knee Surgery Sports Traumatology, Arthroscopy},
year = {2001},
volume = {9},
pages = {62-71}
}

@article{Rassier2004ActiveForceInhibition,
  title={Active force inhibition and stretch-induced force enhancement in frog muscle treated with BDM},
  author={Rassier, Dilson E and Herzog, Walter},
  journal={Journal of Applied Physiology},
  volume={97},
  number={4},
  pages={1395--1400},
  year={2004},
  publisher={American Physiological Society}
}

@article{Rassier1999ForceLength,
  title={Length dependence of active force production in skeletal muscle},
  author={Rassier, Dilson E and MacIntosh, BR and Herzog, W},
  journal={Journal of applied physiology},
  volume={86},
  number={5},
  pages={1445--1457},
  year={1999},
  publisher={American Physiological Society Bethesda, MD},
  doi={10.1152/jappl.1999.86.5.1445}
}



@article{Rasmussen2009:SeatingErgonomics,
	title = {Computational analysis of the influence of seat pan inclination and friction on muscle activity and spinal joint forces},
	journal = {International Journal of Industrial Ergonomics},
	volume = {39},
	number = {1},
	pages = {52--57},
	year = {2009},
	author = {John Rasmussen and S{\o}ren T{\o}rholm and Mark de Zee}
}

@article{Rohrle2008FeaMuscleModel,
  title={Bridging scales: a three-dimensional electromechanical finite element model of skeletal muscle},
  author={R{\"o}hrle, Oliver and Davidson, John B and Pullan, Andrew J},
  journal={SIAM Journal on Scientific Computing},
  volume={30},
  number={6},
  pages={2882--2904},
  year={2008},
  publisher={SIAM},
  doi={10.1137/070691504} 
}

@article{Rome1990MaximumVelocityOfShortening,
  title={Maximum velocity of shortening of three fibre types from horse soleus muscle: implications for scaling with body size.},
  author={Rome, LC and Sosnicki, AA and Goble, DO},
  journal={The Journal of Physiology},
  volume={431},
  number={1},
  pages={173--185},
  year={1990},
  publisher={Wiley Online Library},
  doi={10.1113/jphysiol.1990.sp018325}
}


@article{Ryschon:EfficMuscleConcEccIso,
author = {T Ryschon and M Fowler and R Wysong and A Anthony and S Balaban},
title = {Efficiency of human skeletal muscle in vivo: comparison of isometric, concentric, and eccentric muscle action},
journal = {Journal of Applied Physiology},
year = {1997},
volume = {83},
pages = {867-874}
}

%%------------------------------------------------------------------------------
% S
%%------------------------------------------------------------------------------

@article{Sacks1982CatLegMuscleArch,
  title={Architecture of the hind limb muscles of cats: functional significance},
  author={Sacks, Robert D and Roy, Roland R},
  journal={Journal of Morphology},
  volume={173},
  number={2},
  pages={185--195},
  year={1982},
  publisher={Wiley Online Library},
  doi={10.1002/jmor.1051730206}
}


@article{Saul2003:HandSurgerySimulation,
title = {Biomechanics of the Steindler flexorplasty surgery: a computer simulation study},
journal = {The Journal of Hand Surgery},
volume = {28},
number = {6},
pages = {979-986},
year = {2003},
author = {Katherine R Saul and Wendy M Murray and V.R Hentz and Scott L Delp}
}

@article{Sandercock1997:MuscleEXPvsMDL,
author = {Sandercock, Thomas G. and Heckman, C. J.},
title = {Force From Cat Soleus Muscle During Imposed Locomotor-Like Movements: Experimental Data Versus Hill-Type Model Predictions},
volume = {77},
number = {3},
pages = {1538-1552},
year = {1997},
journal = {Journal of Neurophysiology}
}

@article{Sandercock2001:MuscleLengthTension,
author = {Sandercock, Thomas G. and Heckman, C. J.},
title = {Whole Muscle Length-Tension Properties Vary With Recruitment and Rate Modulation in Areflexive Cat Soleus},
volume = {85},
number = {3},
pages = {1033-1038},
year = {2001},
journal = {Journal of Neurophysiology}
}

@article{SandercockPerreault2003:MuscleMDLerrorEXP,
	title = {Hill muscle model errors during movement are greatest within the physiologically relevant range of motor unit firing rates},
	journal = {Journal of Biomechanics},
	volume = {36},
	number = {2},
	pages = {211--218},
	year = {2003},
	author = {Eric J. Perreault and Charles J. Heckman and Thomas G. Sandercock}
}

@article{Sartori2015ModelingStiffness,
  title={Modeling and simulating the neuromuscular mechanisms regulating ankle and knee joint stiffness during human locomotion},
  author={Sartori, Massimo and Maculan, Marco and Pizzolato, Claudio and Reggiani, Monica and Farina, Dario},
  journal={Journal of neurophysiology},
  volume={114},
  number={4},
  pages={2509--2527},
  year={2015},
  publisher={American Physiological Society Bethesda, MD},
  doi={10.1152/jn.00989.2014}
}


@article{Schouten2007Quantifying,
  title={Quantifying proprioceptive reflexes during position control of the human arm},
  author={Schouten, Alfred C and De Vlugt, Erwin and Van Hilten, JJ and Van Der Helm, Frans CT},
  journal={IEEE Transactions on Biomedical Engineering},
  volume={55},
  number={1},
  pages={311--321},
  year={2007},
  publisher={IEEE}
}

@article{Schouten2008NMClab,
  title={{N}{M}{C}lab, a model to assess the contributions of muscle visco-elasticity and afferent feedback to joint dynamics},
  author={Schouten, Alfred C and Mugge, Winfred and van der Helm, Frans CT},
  journal={Journal of biomechanics},
  volume={41},
  number={8},
  pages={1659--1667},
  year={2008},
  publisher={Elsevier},
  doi={10.1016/j.jbiomech.2008.03.014}
}


@article{Scott1996MechanicsI,
  title={Mechanics of feline soleus: I. Effect of fascicle length and velocity on force output},
  author={Scott, Stephen H and Brown, Ian E and Loeb, Gerald E},
  journal={Journal of Muscle Research \& Cell Motility},
  volume={17},
  number={2},
  pages={207--219},
  year={1996},
  publisher={Springer},
  doi={10.1002/jmor.1052240109}
}


@article{Scott1995CatTendonModel,
  title={Mechanical properties of aponeurosis and tendon of the cat soleus muscle during whole-muscle isometric contractions},
  author={Scott, Stephen H and Loeb, Gerald E},
  journal={Journal of Morphology},
  volume={224},
  number={1},
  pages={73--86},
  year={1995},
  publisher={Wiley Online Library},
  doi={10.1002/jmor.1052240109}
}


@article{Selen2009Impedance,
  title={Impedance control reduces instability that arises from motor noise},
  author={Selen, Luc PJ and Franklin, David W and Wolpert, Daniel M},
  journal={Journal of neuroscience},
  volume={29},
  number={40},
  pages={12606--12616},
  year={2009},
  publisher={Soc Neuroscience},
  doi={10.1523/JNEUROSCI.2826-09.2009}
}

@article{Selbie1996:JumpingSimulation,
	title = {A simulation study of vertical jumping from different starting postures},
	journal = {Journal of Biomechanics},
	volume = {29},
	number = {9},
	pages = {1137--1146},
	year = {1996},
	author = {W. Scott Selbie and Graham E. Caldwell}
}

@article{Shadmehr1993PosturalForceFields,
  title={Postural force fields of the human arm and their role in generating multijoint movements},
  author={Shadmehr, Reza and Mussa-Ivaldi, Ferdinando A and Bizzi, Emilio},
  journal={Journal of Neuroscience},
  volume={13},
  number={1},
  pages={45--62},
  year={1993},
  publisher={Soc Neuroscience}
}


@article{SuedaKaufmanPai2008:HandSimulation,
 author = {Sueda, Shinjiro and Kaufman, Andrew and Pai, Dinesh K.},
 title = {Musculotendon simulation for hand animation},
 journal = {ACM Transactions on Graphics},
 volume = {27},
 number = {3},
 year = {2008},
 pages = {1-8},
 articleno = {83},
 numpages = {8},
 publisher = {ACM},
 address = {New York, U.S.A.},
 }

@article{Sherman2011:SimbodyIUTAM,
	title = {Simbody: {M}ultibody dynamics for biomedical research},
	journal = {Procedia IUTAM},
	volume = {2},
	pages = {241--261},
	year = {2011},
	note = {Symposium on Human Body Dynamics},
	author = {Michael A. Sherman and Ajay Seth and Scott L. Delp}
}


@incollection{Lloyd2012Artisynth,
  title={ArtiSynth: A fast interactive biomechanical modeling toolkit combining multibody and finite element simulation},
  author={Lloyd, John E and Stavness, Ian and Fels, Sidney},
  booktitle={Soft tissue biomechanical modeling for computer assisted surgery},
  pages={355--394},
  year={2012},
  publisher={Springer}
}


@article{Steele2010:MuscleContributionsCrouch,
	title = {Muscle contributions to support and progression during single-limb stance in crouch gait},
	journal = {Journal of Biomechanics},
	volume = {43},
	number = {11},
	pages = {2099--2105},
	year = {2010},
	author = {Katherine M. Steele and Ajay Seth and Jennifer L. Hicks and Michael S. Schwartz and Scott L. Delp}
}

@article{Steele2012:CrouchGaitStrength,
title = {How much muscle strength is required to walk in a crouch gait?},
journal = {Journal of Biomechanics},
volume = {45},
number = {15},
pages = {2564-2569},
year = {2012},
author = {Steele,K.M. and van der Krogt,M.M. and Schwartz,M.H. and Delp,S.L.}
}


@article{Stephenson1984Length,
  title={Length dependence of changes in sarcoplasmic calcium concentration and myofibrillar calcium sensitivity in striated muscle fibres},
  author={Stephenson, DG and Wendt, IR},
  journal={Journal of Muscle Research \& Cell Motility},
  volume={5},
  number={3},
  pages={243--272},
  year={1984},
  publisher={Springer},
  doi={10.1007/BF00713107}
}


@article{Schappacher2015Novel3Filament,
  title={A novel three-filament model of force generation in eccentric contraction of skeletal muscles},
  author={Schappacher-Tilp, Gudrun and Leonard, Timothy and Desch, Gertrud and Herzog, Walter},
  journal={PloS one},
  volume={10},
  number={3},
  pages={e0117634},
  year={2015},
  publisher={Public Library of Science},
  doi={10.1371/journal.pone.0117634}
}


@article{SethPandy:NMT,
author = {A Seth and M Pandy},
title = {A neuromusculoskeletal tracking method for estimating individual muscle forces in human movement},
journal = {Journal of Biomechanics},
year = {2005},
note = {Accepted 29 December 2005}
}

@article {ShiMcPhee2000:MultibodyBenchmark,
	author = {Pengfei Shi and John McPhee},
	title = {Dynamics of flexible multibody systems using virtual work and linear graph theory},
	journal = {Multibody System Dynamics},
	pages = {355--381},
	volume = {4},
	number = {4},
	year = {2000}
}


@article{Steele2012:KneeExtCrouchGait,
author = {K.M. Steele and M.N. Eek and M. Unger and S.L. Delp},
title = {Characteristics associated with improved knee extension after strength training for individuals with cerebral palsy and crouch gait},
publisher = {IOS Press},
year = {2012},
journal = {Journal of Pediatric Rehabilitation Medicine},
volume = {5},
number = {2},
pages = {99-106}
}

@article{Stoianovici1996:ContactBenchmark,
	author = {Dan Stoianovici and Yildirim Hurmuzlu},
	title = {A critical study of the applicability of rigid-body collision theory},
	year = {1996},
	journal = {Journal of Applied Mechanics},
	volume = {63},
	number = {2},
	pages = {307--316}
}

@article{Swammerdam1758BibleOfNature,
  title={The Book of Nature II},
  author={Swammerdam, Jan},
  journal={London: Seyffert},
  pages={122--132},
  year={1758}
}


%%------------------------------------------------------------------------------
% T
%%------------------------------------------------------------------------------

@article{Tahir2018TitinMuscleModel,
  title={Case Study: A bio-inspired control algorithm for a robotic foot-ankle prosthesis provides adaptive control of level walking and stair ascent},
  author={Tahir, Uzma and Hessel, Anthony L and Lockwood, Eric R and Tester, John T and Han, Zhixiu and Rivera, Daniel J and Covey, Kaitlyn L and Huck, Thomas G and Rice, Nicole A and Nishikawa, Kiisa C},
  journal={Frontiers in Robotics and AI},
  volume={5},
  pages={36},
  year={2018},
  publisher={Frontiers},
  doi={10.3389/frobt.2018.00036}
}


@article{Tajima1994ThinThickFilamentElongation,
  title={X-ray evidence for the elongation of thin and thick filaments during isometric contraction of a molluscan smooth muscle},
  author={Tajima, Yoshiko and Makino, Kouji and Hanyuu, Takaaki and Wakabayashi, Katsuzo and Amemiya, Yoshiyuki},
  journal={Journal of Muscle Research \& Cell Motility},
  volume={15},
  number={6},
  pages={659--671},
  year={1994},
  publisher={Springer},
  doi={10.1007/BF00121073}
}


@article{Talmadge2002,
	author = {Robert J. Talmadge and Roland R. Roy and Vincent J. Caiozzo and V. Reggie Edgerton},
	title  = {Mechanical properties of rat soleus after long-term spinal cord transection},
	journal = {Journal of Applied Physiology},
	year = {2002},
	volume = {93},
	number = {4},
	pages = {1487--1497}
}

@inproceedings{Tester2012WindingFilamentModel,
  title={A new muscle model with implications for actuation and control},
  author={Tester, John and Yeo, Sang Hoon and Pai, Dinesh and Nishikawa, Kiisa},
  booktitle={Proceedings of Dynamic Walking Conference},
  pages={1--3},
  year={2012}
}


@article{Teukolsky1992NumericalRecipes,
  title={Numerical recipes in C},
  author={Teukolsky, Saul A and Flannery, Brian P and Press, WH and Vetterling, WT},
  journal={SMR},
  volume={693},
  number={1},
  pages={59--70},
  year={1992},
  note={See Ch. 5.7}
}


@article{Thelen2003:oldMuscle,
	author = {Darryl G. Thelen},
	title = {Adjustment of muscle mechanics model parameters to simulate dynamic contractions in older adults},
	year = {2003},
	journal = {Journal of Biomechanical Engineering},
	volume = {125},
	number = {1},
	pages = {70--77},
  doi={10.1115/1.1531112}
}

@article{Thelen2006:CMC,
author = {D Thelen and F Anderson},
title = {Using computed muscle control to generate forward dynamic simulations of human walking from experimental data},
journal = {Journal of Biomechanics},
volume = {39},
pages = {1107-1115},
year = {2006}
}

@article{Tomalka2019CardiacVsSkeletal,
  title={Extensive eccentric contractions in intact cardiac trabeculae: revealing compelling differences in contractile behaviour compared to skeletal muscles},
  author={Tomalka, Andr{\'e} and R{\"o}hrle, Oliver and Han, June-Chiew and Pham, Toan and Taberner, Andrew J and Siebert, Tobias},
  journal={Proceedings of the Royal Society B},
  volume={286},
  number={1903},
  pages={1-9},
  year={2019},
  publisher={The Royal Society},
  doi={10.1098/rspb.2019.0719}
}

@article{Tomalka2020CrossBridgeNonCrossBridge,
  title={Cross-bridges and sarcomeric non-cross-bridge structures contribute to increased work in stretch-shortening cycles},
  author={Tomalka, Andr{\'e} and Weidner, Sven and Hahn, Daniel and Seiberl, Wolfgang and Siebert, Tobias},
  journal={Frontiers in physiology},
  pages={921},
  year={2020},
  publisher={Frontiers}
}

@article{Tomalka2021PowerAmplification,
  title={Power amplification increases with contraction velocity during stretch-shortening cycles of skinned muscle fibers},
  author={Tomalka, Andr{\'e} and Weidner, Sven and Hahn, Daniel and Seiberl, Wolfgang and Siebert, Tobias},
  journal={Frontiers in Physiology},
  volume={12},
  pages={391},
  year={2021},
  publisher={Frontiers},
  doi={10.3389/fphys.2021.644981}
}


@article{Trombitas1998titin,
  title={Titin extensibility in situ: entropic elasticity of permanently folded and permanently unfolded molecular segments},
  author={Trombit{\'a}s, Karoly and Greaser, Marion and Labeit, Siegfried and Jin, Jian-Ping and Kellermayer, Mikl{\'o}s and Helmes, Michiel and Granzier, Henk},
  journal={The Journal of cell biology},
  volume={140},
  number={4},
  pages={853--859},
  year={1998},
  publisher={The Rockefeller University Press},
  doi={10.1083/jcb.140.4.853}
}


@article{Trombitas1998PEVK,
  title={PEVK extension of human soleus muscle titin revealed by immunolabeling with the anti-titin antibody 9D10},
  author={Trombit{\'{a}}s, K and Greaser, M and French, G and Granzier, H},
  journal={Journal of structural biology},
  volume={122},
  number={1-2},
  pages={188--196},
  year={1998},
  publisher={Elsevier},
  doi={10.1006/jsbi.1998.3984}
}

@article{Trumbower2009PostureStiffness,
  title={Use of self-selected postures to regulate multi-joint stiffness during unconstrained tasks},
  author={Trumbower, Randy D and Krutky, Matthew A and Yang, Bing-Shiang and Perreault, Eric J},
  journal={PloS one},
  volume={4},
  number={5},
  pages={e5411},
  year={2009},
  publisher={Public Library of Science},
  doi={10.1371/journal.pone.0005411}
}


%%------------------------------------------------------------------------------
% U
%%------------------------------------------------------------------------------

@article{Umberger2003:MuscleEnergyExpenditure,
    author = {BR Umberger and KGM Gerritsen and PE Martin},
    title = {A model of human muscle energy expenditure},
    journal = {Computer Methods in Biomechanics \& Biomedical Engineering},
    year = {2003},
    volume = {6},
    number = {2},
    pages = {99-111}
}

%%------------------------------------------------------------------------------
% V
%%------------------------------------------------------------------------------

@article{vandenBogert2011:IUTAM,
	title = {Implicit methods for efficient musculoskeletal simulation and optimal control},
	journal = {Procedia IUTAM},
	volume = {2},
	pages = {297--316},
	year = {2011},
	note = {Symposium on Human Body Dynamics},
	author = {Antonie J. van den Bogert and Dimitra Blana and Dieter Heinrich}
}

@article{vandenBogert1998:XbridgeVsHillType,
	title = {Human muscle modelling from a user's perspective},
	journal = {Journal of Electromyography and Kinesiology},
	volume = {8},
	number = {2},
	pages = {119--124},
	year = {1998},
	author = {A. J. van den Bogert and K. G. M. Gerritsen and G. K. Cole}
}

@article {vanSoest1993:ExplosiveMuscle,
	author = {Arthur J. van Soest and Maarten F. Bobbert},
	title = {The contribution of muscle properties in the control of explosive movements},
	journal = {Biological Cybernetics},
	pages = {195--204},
	volume = {69},
	number = {3},
	year = {1993}
}

@article{Veigel1998Stiffness,
  title={The stiffness of rabbit skeletal actomyosin cross-bridges determined with an optical tweezers transducer},
  author={Veigel, Claudia and Bartoo, Marc L and White, David CS and Sparrow, John C and Molloy, Justin E},
  journal={Biophysical journal},
  volume={75},
  number={3},
  pages={1424--1438},
  year={1998},
  publisher={Elsevier},
  doi={10.1016/S0006-3495(98)74061-5}
}


@article{Vinnars1975:HumanMuscleWaterContent,
	author = {Erik Vinnars and Jonas Bergst{\"o}m and Peter F{\"u}rst},
	title = {Influence of the postoperative state on the intracellular free amino acids in human muscle tissue},
	journal = {Annals of Surgery},
	pages = {665--671},
	volume = {182},
	number = {6},
	year = {1975}
}


@article{vanDerKrogt2012:GaitRobustWeakness,
	author = {Marjolein M. van der Krogt and Scott L. Delp and Michael H. Schwartz},
	title  = {How robust is human gait to muscle weakness?},
	journal = {Gait and Posture},
	year = {2012},
	volume = {36},
	number = {1},
	pages = {113--119}
}


@article{vanSoest2019Huxley,
  title={Huxley-type cross-bridge models in largeish-scale musculoskeletal models; an evaluation of computational cost},
  author={van Soest, AJK and Casius, LJR and Lemaire, KK },
  journal={Journal of biomechanics},
  volume={83},
  pages={43--48},
  year={2019},
  publisher={Elsevier},
  doi={10.1016/j.jbiomech.2018.11.021}
}

%%------------------------------------------------------------------------------
% W
%%------------------------------------------------------------------------------

@article {Wakeling2012,
	author = {Avleen Randhawa and Meghan E. Jackman and James M. Wakeling},
	title = {Muscle gearing during isotonic and isokinetic movements in the ankle plantarflexors},
	journal = {European Journal of Applied Physiology},
	pages = {1--11},
	year = {2012}
}

@article{Wang1979Titin,
  title={Titin: major myofibrillar components of striated muscle},
  author={Wang, Kuan and McClure, Janela and Tu, ANN},
  journal={Proceedings of the National Academy of Sciences},
  volume={76},
  number={8},
  pages={3698--3702},
  year={1979},
  publisher={National Acad Sciences},
  doi={10.1073/pnas.76.8.3698}
}


@incollection {Wei2010:EyeSimulation,
   author = {Wei, Qi and Sueda, Shinjiro and Pai, Dinesh},
   title = {Biomechanical Simulation of Human Eye Movement},
   booktitle = {Biomedical Simulation},
   series = {Lecture Notes in Computer Science},
   editor = {Bello, Fernando and Cotin, Stéphane},
   publisher = {Springer Berlin / Heidelberg},
   keyword = {Computer Science},
   pages = {108-118},
   volume = {5958},
   year = {2010}
}

@article{Weiss86:ActiveAnkleDynamics,
    author = {PL Weiss and RE Kearney and IW Hunter},
    title  = {Position Dependence of Ankle Joint Dynamics - II. Active Mechanics},
    journal = {Journal of Biomechanics},
    year = {1986},
    volume = {19},
    number = {9},
    pages = {737-751}
}

@ARTICLE{Welch1967,
  author={Welch, P.},
  journal={IEEE Transactions on Audio and Electroacoustics}, 
  title={The use of fast Fourier transform for the estimation of power spectra: A method based on time averaging over short, modified periodograms}, 
  year={1967},
  volume={15},
  number={2},
  pages={70-73},
  doi={10.1109/TAU.1967.1161901}
  }


@article{Wexler1997:DampedMuscleModel,
	author = {Anthony S. Wexler and Jun Ding and Stuart A. Binder-Macleod},
	journal = {IEEE Transactions on Biomedical Engineering},
	title = {A mathematical model that predicts skeletal muscle force},
	year = {1997},
	volume = {44},
	number = {5},
	pages = {337--348}
}

@article{WintersStark:MuscleModReview,
    author = {JM Winters and L Stark},
    title  = {Muscle models: {W}hat is gained and what is lost by varying model complexity},
    journal = {Biological Cybernetics},
    year = {1987},
    volume = {55},
    pages = {403-420}
}

@article {Winters1995:MuscleReflexActuator,
	author = {Jack M. Winters},
	title = {An improved muscle-reflex actuator for use in large-scale neuromusculoskeletal models},
	journal = {Annals of Biomedical Engineering},
	pages = {359--374},
	volume = {23},
	number = {4},
	year = {1995}
}

@article{WintersTM2011,
	title = {Whole muscle length-tension relationships are accurately modeled as scaled sarcomeres in rabbit hindlimb muscles},
	journal = {Journal of Biomechanics},
	volume = {44},
	number = {1},
	pages = {109--115},
	year = {2011},
	author = {Taylor M. Winters and Mitsuhiko Takahashi and Richard L. Lieber and Samuel R. Ward},
  doi={10.1016/j.jbiomech.2010.08.033}
}

@article{Winters1987MuscleModels,
   author = {J. M. Winters and L. Stark},
   title = {Muscle models: What is gained and what is lost by varying model complexity},
   journal = {Biological Cybernetics},
   pages = {403--420},
   volume = {55},
   number = {6},
   year = {1987}
}

@article{Woledge2009:XBandTemp,
author = {Woledge, R.C.  and Barclay, C.J.  and Curtin, N.A. },
title = {Temperature change as a probe of muscle crossbridge kinetics: a review and discussion},
journal = {Proceedings of the Royal Society B: Biological Sciences},
volume = {276},
number = {1668},
pages = {2685-2695},
year = {2009},
doi = {10.1098/rspb.2009.0177}
}

@article{Won1995Stability,
  title={Stability properties of human reaching movements},
  author={Won, Justin and Hogan, Neville},
  journal={Experimental brain research},
  volume={107},
  number={1},
  pages={125--136},
  year={1995},
  publisher={Springer}
}




%%------------------------------------------------------------------------------
% X
%%------------------------------------------------------------------------------
%%------------------------------------------------------------------------------
% Y
%%------------------------------------------------------------------------------

@article{Yeadon2006:HumanJointTorqueModeling,
title = {Modelling the maximum voluntary joint torque/angular velocity relationship in human movement},
journal = {Journal of Biomechanics},
volume = {39},
number = {3},
pages = {476-482},
year = {2006},
author = {Maurice R. Yeadon and Mark A. King and Cassie Wilson}
}

@article{YeoSandercockPai2011:RatMusculoskeletalModelValidation,
author = {Yeo, Sang Hoon and Mullens, Christopher H. and Sandercock, Thomas G. and Pai, Dinesh K. and Tresch, Matthew C.},
title = {Estimation of musculoskeletal models from in situ measurements of muscle action in the rat hindlimb},
volume = {214},
number = {5},
pages = {735-746},
year = {2011},
journal = {The Journal of Experimental Biology}
}


%%------------------------------------------------------------------------------
% Z
%%------------------------------------------------------------------------------
@article{Zajac1989:MuscleTendon,
	author = {F. E. Zajac},
	title = {Muscle and tendon: {P}roperties, models, scaling, and application to biomechanics and motor control},
	journal = {Critical Reviews in Biomedical Engineering},
	year = {1989},
	volume = {17},
	number = {4},
	pages = {359--411}
}

@article{Zajac2002:WalkingReviewPartI,
	title = {Biomechanics and muscle coordination of human walking: {P}art {I}: {I}ntroduction to concepts, power transfer, dynamics and simulations},
	journal = {Gait and Posture},
	volume = {16},
	number = {3},
	pages = {215--232},
	year = {2002},
	author = {Felix E. Zajac and Richard R. Neptune and Steven A. Kautz}
}

@article{Zajac2003:WalkingReviewPartII,
	title = {Biomechanics and muscle coordination of human walking: {P}art {II}: {L}essons from dynamical simulations and clinical implications},
	journal = {Gait and Posture},
	volume = {17},
	number = {1},
	pages = {1--17},
	year = {2003},
	author = {Felix E. Zajac and Richard R. Neptune and Steven A. Kautz}
}

@article{Zahalak1981DistributionMomentModel,
  title={A distribution-moment approximation for kinetic theories of muscular contraction},
  author={Zahalak, George Ireneus},
  journal={Mathematical biosciences},
  volume={55},
  number={1-2},
  pages={89--114},
  year={1981},
  publisher={Elsevier}
}


@article{Zahalak1990:MuscleCrossBridgeModel,
	author = {George I. Zahalak and Shi-Ping Ma},
	title = {Muscle activation and contraction: {C}onstitutive relations based directly on cross-bridge kinetics},
	year = {1990},
	journal = {Journal of Biomechanical Engineering},
	volume = {112},
	number = {1},
	pages = {52--62}
}

@article{Zhang98:invivoKneeStiffness,
    author = {LQ Zhang and G Nuber and J Butler and M Bowen and WZ Rymer},
    title  = {In vivo human knee joint dynamic properties as functions of muscle contraction and joint position},
    journal = {Journal of Biomechanics},
    year = {1998},
    volume = {31},
    pages = {71-76}
}
